timestamp,fask1,fask1amountltc,fbid1,fbid1amountltc,sask1,sask1amount,sbid1,sbid1amount,diff,mindiff,maxdiff,avadiff
2017/6/8 9:07:18,189.4335488,6.1569664264242512042301981094,189.083648,1.8142235123367198838896952104,189.3,0.002,189.29,54.189,0.1435488,0.1435488,0.1435488,0.1435488
2017/6/8 9:07:24,189.4335488,6.1569664264242512042301981094,189.083648,1.8142235123367198838896952104,189.5,12,189.29,9.1,0.1435488,0.1435488,0.1435488,0.1435488
2017/6/8 9:07:30,189.3992448,171.70180395566181264942403825,189.083648,1.8142235123367198838896952104,189.5,12,189.29,15.42,0.1092448,0.1092448,0.1435488,0.1321141333333333333333333333
2017/6/8 9:07:35,189.3992448,171.70180395566181264942403825,189.083648,1.8142235123367198838896952104,189.49,24.191,189.29,15.42,0.1092448,0.1092448,0.1435488,0.1263968
2017/6/8 9:07:41,189.3992448,171.70180395566181264942403825,189.083648,1.4513788098693759071117561684,189.48,23.821,189.3,0.31,0.0992448,0.0992448,0.1435488,0.1209664
2017/6/8 9:07:47,189.3992448,171.70180395566181264942403825,189.083648,1.4513788098693759071117561684,189.48,33.111,189.3,10.31,0.0992448,0.0992448,0.1435488,0.1173461333333333333333333333
2017/6/8 9:07:52,189.3923840,7.969570729940228219525448288,189.083648,1.4513788098693759071117561684,189.48,33.111,189.3,10.31,0.0923840,0.0923840,0.1435488,0.1137801142857142857142857143
2017/6/8 9:07:58,189.3923840,0.7245064299945662017750407535,189.083648,1.4513788098693759071117561684,189.3,21.3,189.29,15.42,0.1023840,0.0923840,0.1435488,0.1123556
2017/6/8 9:08:04,189.3923840,0.7245064299945662017750407535,189.083648,1.4513788098693759071117561684,189.49,24.191,189.3,4.832,0.0923840,0.0923840,0.1435488,0.1101365333333333333333333333
2017/6/8 9:08:09,189.7628672,117.86398640587150656205936585,189.3992448,115.19234948924146924581612693,189.5,12,189.4,4.85,0.3628672,0.0923840,0.3628672,0.1354096
2017/6/8 9:08:15,189.7491456,108.47163466753443974400694218,189.3992448,115.19234948924146924581612693,189.69,0.5,189.4,11,0.3491456,0.0923840,0.3628672,0.1548401454545454545454545455
2017/6/8 9:08:20,189.7491456,105.21748562750840655168673392,189.3992448,115.19234948924146924581612693,189.68,0.15,189.4,11.05,0.3491456,0.0923840,0.3628672,0.1710322666666666666666666667
2017/6/8 9:08:26,190.1539328,2.8864193967383460816856689277,189.3992448,115.19234948924146924581612693,189.68,0.15,189.5,115.93,0.6539328,0.0923840,0.6539328,0.2081784615384615384615384615
2017/6/8 9:08:32,190.1264896,9.382217090069284064665127021,189.4061056,3.9844966856232115043286123085,189.4,184.41,189.35,22.619,0.7764896,0.0923840,0.7764896,0.2487721142857142857142857143
2017/6/8 9:08:38,190.112768,116.56441717791411042944785276,189.4129664,0.3622138510576644450883801797,189.4,184.41,189.35,5.881,0.762768,0.0923840,0.7764896,0.2830385066666666666666666667
2017/6/8 9:08:43,190.0921856,6.857472840798354206518208395,189.4061056,2.8978157713623356395117180425,189.4,146.06,189.3,31.711,0.7921856,0.0923840,0.7921856,0.3148602
2017/6/8 9:08:49,190.0716032,15.882183078255847531042448744,189.4061056,27.167022856521896620422356649,189.4,146.06,189.3,33.171,0.7716032,0.0923840,0.7921856,0.3417274352941176470588235294
2017/6/8 9:08:55,190.0578816,114.79315572882824344812648906,189.3992448,92.00898355429978990074621459,189.3,42.376,189.29,3.071,0.7678816,0.0923840,0.7921856,0.3654026666666666666666666667
2017/6/8 9:09:00,190.0304384,5.4155534695645895010470070041,189.3992448,92.00898355429978990074621459,189.3,72.006,189.29,9.451,0.7404384,0.0923840,0.7921856,0.3851413894736842105263157895
2017/6/8 9:09:06,190.0029952,0.3610890445583880985050913555,189.3992448,92.00898355429978990074621459,189.3,72.006,189.29,9.451,0.7129952,0.0923840,0.7921856,0.40153408
2017/6/8 9:09:12,189.9892736,9.388993211035678174201935577,189.3992448,10.142722596536984713468086648,189.3,34.63,189.29,9.451,0.6992736,0.0923840,0.7921856,0.4157121523809523809523809524
2017/6/8 9:09:17,189.9686912,33.587345155115749936798006429,189.3992448,10.142722596536984713468086648,189.3,34.63,189.18,12.903,0.7886912,0.0923840,0.7921856,0.4326657454545454545454545455
2017/6/8 9:09:23,189.9481088,108.71920826410460160369862024,189.3992448,10.142722596536984713468086648,189.3,24.63,189.18,12.903,0.7681088,0.0923840,0.7921856,0.4472502260869565217391304348
2017/6/8 9:09:29,189.9343872,114.50657419448056639213986418,189.3992448,10.142722596536984713468086648,189.3,24.63,189.18,12.903,0.7543872,0.0923840,0.7921856,0.4600476
2017/6/8 9:09:34,189.6668160,5.7876650388858744800144691626,189.3992448,10.142722596536984713468086648,189.2,2,189.18,12.903,0.4868160,0.0923840,0.7921856,0.461118336
2017/6/8 9:09:40,189.6599552,11.575748806250904355375488352,189.3992448,10.142722596536984713468086648,189.2,2,189.18,12.903,0.4799552,0.0923840,0.7921856,0.4618428307692307692307692308
2017/6/8 9:09:46,189.6599552,10.490522355664882072059036319,189.3992448,10.142722596536984713468086648,189.1,43.791,189.08,26.49,0.5799552,0.0923840,0.7921856,0.466217362962962962962962963
2017/6/8 9:09:51,189.6599552,3.61742150195340761105484011,189.3992448,9.780482503803520973701369268,189.1,32.241,189.08,26.49,0.5799552,0.0923840,0.7921856,0.4702794285714285714285714286
2017/6/8 9:09:57,189.7217024,6.8708639207319278197663906267,189.3992448,9.780482503803520973701369268,189.68,19,189.08,20,0.6417024,0.0923840,0.7921856,0.4761905655172413793103448276
2017/6/8 9:10:03,189.9000832,108.74670327685248744535568482,189.3992448,9.780482503803520973701369268,189.68,8.5,189.1,41.67,0.8000832,0.0923840,0.8000832,0.4869869866666666666666666667
2017/6/8 9:10:08,189.8795008,0.7226477814713108830755889579,189.3992448,10.142722596536984713468086648,190,1072.09,189.1,41.67,0.7795008,0.0923840,0.8000832,0.496422916129032258064516129
2017/6/8 9:10:14,189.8795008,3.6132389073565544153779447897,189.3992448,10.142722596536984713468086648,189.8,50,189.1,41.67,0.7795008,0.0923840,0.8000832,0.5052691
2017/6/8 9:10:19,189.8726400,108.40108401084010840108401084,189.3992448,13.04064333840469463160182569,189.8,50,189.11,165.64,0.7626400,0.0923840,0.8000832,0.5130682181818181818181818182
2017/6/8 9:10:25,189.8726400,62.511291779584462511291779584,189.3992448,12.67840324567123089183510831,189.8,50,189.11,123.59,0.7626400,0.0923840,0.8000832,0.5204085647058823529411764706
2017/6/8 9:10:31,189.8726400,40.108401084010840108401084011,189.4129664,9.779773978556940017386264851,189.68,28.22,189.18,0.004,0.6926400,0.0923840,0.8000832,0.5253294628571428571428571429
2017/6/8 9:10:36,189.8726400,40.108401084010840108401084011,189.4198272,7.2440146329095584773081241624,189.68,28.22,189.18,0.004,0.6926400,0.0923840,0.8000832,0.5299769777777777777777777778
2017/6/8 9:10:42,189.8657792,592.61400592614005926140059261,189.426688,2.8975009054690329590727997102,189.68,28.22,189.12,5,0.7457792,0.0923840,0.8000832,0.5358094702702702702702702703
2017/6/8 9:10:48,189.8657792,488.90655488906554889065548891,189.5021568,19.188298758191231309510879403,189.18,1,189.12,5,0.7457792,0.0923840,0.8000832,0.5413349894736842105263157895
2017/6/8 9:10:53,189.8657792,488.90655488906554889065548891,189.5021568,11.223344556677890011223344557,189.18,1,189.12,5,0.7457792,0.0923840,0.8000832,0.5465771487179487179487179487
2017/6/8 9:10:59,189.8657792,492.88140492881404928814049288,189.5021568,9.77517106549364613880742913,189.18,1,189.1,41.3,0.7657792,0.0923840,0.8000832,0.5520572
2017/6/8 9:11:05,189.8589184,10.479528782567845914790590106,189.5021568,9.77517106549364613880742913,189.1,0.25,189.08,19.5,0.7789184,0.0923840,0.8000832,0.5575904
2017/6/8 9:11:10,189.8589184,7.5886242908249918693311169732,189.5021568,9.77517106549364613880742913,189.78,100,189.1,5.041,0.7589184,0.0923840,0.8000832,0.5623839238095238095238095238
2017/6/8 9:11:16,189.8589184,3.9749936761464243125067755574,189.5021568,9.77517106549364613880742913,189.78,100,189.18,3,0.6789184,0.0923840,0.8000832,0.5650940279069767441860465116
2017/6/8 9:11:22,189.8589184,3.9749936761464243125067755574,189.5021568,9.77517106549364613880742913,189.78,100,189.18,3,0.6789184,0.0923840,0.8000832,0.5676809454545454545454545455
2017/6/8 9:11:27,189.8451968,27.104188500596292147013118427,189.5021568,9.77517106549364613880742913,189.77,13.065,189.18,3,0.6651968,0.0923840,0.8000832,0.5698479644444444444444444444
2017/6/8 9:11:33,189.8451968,10.841675400238516858805247371,189.2757504,1.8123821951573147745396549224,189.77,13.065,189.18,3,0.6651968,0.0923840,0.8000832,0.571920765217391304347826087
2017/6/8 9:11:39,189.8657792,478.06605478066054780660547807,189.2757504,2.1748586341887777294475859069,189.77,13.065,189.5,26.39,0.3657792,0.0923840,0.8000832,0.5675347744680851063829787234
2017/6/8 9:11:44,189.8657792,455.3010045530100455301004553,189.2757504,1.8123821951573147745396549224,189.77,13.065,189.5,26.235,0.3657792,0.0923840,0.8000832,0.5633315333333333333333333333
2017/6/8 9:11:50,189.8657792,440.84700440847004408470044085,189.2757504,1.8123821951573147745396549224,189.5,4.03,189.18,3,0.6857792,0.0923840,0.8000832,0.5658304653061224489795918367
2017/6/8 9:11:56,189.8520576,108.77421220005782017924255565,189.0356224,2.9034950822052045149348528291,189.5,4.03,189.2,57.99,0.6520576,0.0923840,0.8000832,0.567555008
2017/6/8 9:12:01,189.8314752,14.095196790632115363764501789,189.0630656,15.241136553325833726457887288,189.77,12.965,189.5,26.97,0.3314752,0.0923840,0.8000832,0.5629259921568627450980392157
2017/6/8 9:12:07,189.8314752,23.853409953377426000216849181,189.0767872,3.6285786857288000290286294858,189.7,300,189.5,29.533,0.3314752,0.0923840,0.8000832,0.5584750153846153846153846154
2017/6/8 9:12:13,189.8177536,9.758918567246177756894495247,189.083648,9.796806966618287373004354136,189.5,0.117,189.2,7.99,0.6177536,0.0923840,0.8000832,0.5595934792452830188679245283
2017/6/8 9:12:18,189.8040320,13.012832098319175853967106452,189.083648,3.6284470246734397677793904209,189.5,0.117,189.2,10.541,0.6040320,0.0923840,0.8000832,0.5604164148148148148148148148
2017/6/8 9:12:24,189.8040320,16.627507681185613591180191578,189.083648,3.6284470246734397677793904209,189.5,0.117,189.2,10.541,0.6040320,0.0923840,0.8000832,0.5612094254545454545454545455
2017/6/8 9:12:30,189.7903104,20.605140440299316776922242707,189.083648,3.6284470246734397677793904209,189.69,17.61,189.2,7.884,0.5903104,0.0923840,0.8000832,0.5617290857142857142857142857
2017/6/8 9:12:35,189.7903104,32.895925966091891696489896251,189.083648,0.7256894049346879535558780842,189.69,17.61,189.2,2.194,0.5903104,0.0923840,0.8000832,0.5622305122807017543859649123
2017/6/8 9:12:41,189.7903104,20.243646748364241043993782308,189.083648,0.7256894049346879535558780842,189.69,17.51,189.2,12.224,0.5903104,0.0923840,0.8000832,0.5627146482758620689655172414
2017/6/8 9:12:47,189.7903104,10.483317066117196254925351553,189.0905088,0.3628315373172236130764486049,189.6,9,189.2,38.609,0.5903104,0.0923840,0.8000832,0.5631823728813559322033898305
2017/6/8 9:12:52,189.7903104,16.990203520948559447637638723,189.0905088,8.707956895613366713834766518,189.6,9,189.2,38.629,0.5903104,0.0923840,0.8000832,0.5636345066666666666666666667
2017/6/8 9:12:58,189.7903104,10.483317066117196254925351553,189.0973696,3.628183731224149190915027937,189.6,9,189.59,50,0.2003104,0.0923840,0.8000832,0.5576783737704918032786885246
2017/6/8 9:13:03,189.7834496,19.882871809702841443134986624,189.1042304,0.7256104197656278344157022095,189.6,77.22,189.59,50,0.1934496,0.0923840,0.8000832,0.551803716129032258064516129
2017/6/8 9:13:09,189.7765888,13.376233686417700010845594881,189.0973696,6.5307307162034685436470502866,189.6,77.22,189.59,21.58,0.1865888,0.0923840,0.8000832,0.546006653968253968253968254
2017/6/8 9:13:15,189.7765888,13.376233686417700010845594881,189.0973696,3.628183731224149190915027937,189.59,0.45,189.2,8.109,0.5765888,0.0923840,0.8000832,0.5464845
2017/6/8 9:13:20,189.6942592,2.1700604000144670693334297805,189.1042304,3.2652468889453252548706599427,189.59,0.45,189.2,7.059,0.4942592,0.0923840,0.8000832,0.5456810338461538461538461538
2017/6/8 9:13:26,189.6942592,2.1700604000144670693334297805,189.1110912,0.7255840951966332897982876215,189.59,0.45,189.2,12.149,0.4942592,0.0923840,0.8000832,0.5449019151515151515151515152
2017/6/8 9:13:32,189.6942592,2.1700604000144670693334297805,189.1110912,0.7255840951966332897982876215,189.59,15.61,189.2,17.149,0.4942592,0.0923840,0.8000832,0.5441460537313432835820895522
2017/6/8 9:13:37,189.6942592,2.1700604000144670693334297805,189.1110912,1.0883761427949499346974314323,189.59,15.61,189.2,17.149,0.4942592,0.0923840,0.8000832,0.5434124235294117647058823529
2017/6/8 9:13:43,189.6942592,2.1700604000144670693334297805,189.1110912,1.0883761427949499346974314323,189.59,88.61,189.2,17.149,0.4942592,0.0923840,0.8000832,0.5427000579710144927536231884
2017/6/8 9:13:49,189.6942592,2.1700604000144670693334297805,189.1110912,1.0883761427949499346974314323,189.58,2,189,371.035,0.6942592,0.0923840,0.8000832,0.5448651885714285714285714286
2017/6/8 9:13:54,189.6873984,6.5104166666666666666666666667,189.1110912,1.0883761427949499346974314323,189.58,1.9,189,371.035,0.6873984,0.0923840,0.8000832,0.5468726985915492957746478873
2017/6/8 9:14:00,189.6873984,10.850694444444444444444444444,189.0973696,3.628183731224149190915027937,189.5,20.734,189.02,0.956,0.6673984,0.0923840,0.8000832,0.5485466666666666666666666667
2017/6/8 9:14:06,189.6942592,2.1700604000144670693334297805,188.8023552,0.7267705948617318943275555071,189.5,12.319,189.02,0.956,0.6742592,0.0923840,0.8000832,0.5502687561643835616438356164
2017/6/8 9:14:11,189.563904,0.7238508867173362287368802027,188.8297984,5.4499872833630054863205319188,189.59,88.339,189.5,7.371,0.063904,0.063904,0.8000832,0.5436962594594594594594594595
2017/6/8 9:14:17,189.563904,0.7238508867173362287368802027,188.8641024,0.3632664922987503632664922988,189.2,2.398,189.03,231.52,0.533904,0.063904,0.8000832,0.543565696
2017/6/8 9:14:23,189.563904,0.7238508867173362287368802027,188.8846848,16.345210853220006538084341288,189.5,150.7,189.2,12.529,0.363904,0.063904,0.8000832,0.5412017263157894736842105263
2017/6/8 9:14:28,189.563904,0.7238508867173362287368802027,188.9121280,10.16887597603050662792809152,189.5,150.7,189.03,231.67,0.533904,0.063904,0.8000832,0.5411069506493506493506493506
2017/6/8 9:14:34,189.5570432,10.134279199391943248036483405,188.9327104,5.4470186651172924685888590312,189.59,86.339,189,45.509,0.5570432,0.063904,0.8000832,0.5413112615384615384615384615
2017/6/8 9:14:40,189.5570432,10.134279199391943248036483405,188.9327104,0.7262691553489723291451812042,189.59,85.659,189.2,5,0.3570432,0.063904,0.8000832,0.538978754430379746835443038
2017/6/8 9:14:45,189.6668160,3.6172906493036715500090432266,189.6187904,14.834647948476734930168608438,189.59,85.659,189,8.079,0.6668160,0.063904,0.8000832,0.54057672
2017/6/8 9:14:51,189.5982080,0.7237199203908087570110367288,189.015040,19.600725952813067150635208711,189.59,86.659,189.2,4.78,0.3982080,0.063904,0.8000832,0.5388190814814814814814814815
2017/6/8 9:14:57,189.5982080,0.7237199203908087570110367288,188.9532928,2.904760175737990632148433245,189.58,18.217,189.2,2.29,0.3982080,0.063904,0.8000832,0.5371043121951219512195121951
2017/6/8 9:15:02,189.5227392,0.7240081088908195771792644078,188.9532928,2.904760175737990632148433245,189.58,18.217,189.2,2.15,0.3227392,0.063904,0.8000832,0.5345216
2017/6/8 9:15:08,189.5227392,0.7240081088908195771792644078,188.9670144,9.802853719638383618342228515,189.58,18.217,188.9,18.019,0.6227392,0.063904,0.8000832,0.5355718095238095238095238095
2017/6/8 9:15:14,189.5227392,0.3620040544454097885896322039,188.9670144,1.8153432814145154848781904658,189.58,0.007,188.9,15.319,0.6227392,0.063904,0.8000832,0.5365973082352941176470588235
2017/6/8 9:15:19,189.6256512,5.7889214515720539816925359094,188.9532928,2.904760175737990632148433245,189.57,21,188.9,15.319,0.7256512,0.063904,0.8000832,0.5387956093023255813953488372
2017/6/8 9:15:25,189.6256512,5.7889214515720539816925359094,188.9532928,2.904760175737990632148433245,189.57,21.6,188.9,20.319,0.7256512,0.063904,0.8000832,0.5409433747126436781609195402
2017/6/8 9:15:31,189.6256512,12.663265675313868084952422302,188.9532928,2.904760175737990632148433245,189.57,21.6,188.92,115.36,0.7056512,0.063904,0.8000832,0.5428150545454545454545454545
2017/6/8 9:15:36,189.6187904,3.6182068167016426658947825458,188.9532928,2.904760175737990632148433245,189.57,21.6,188.92,112.631,0.6987904,0.063904,0.8000832,0.5445675865168539325842696629
2017/6/8 9:15:42,189.6119296,1.4473350942576980135325831313,188.9532928,2.904760175737990632148433245,189.57,21.6,189,12,0.6119296,0.063904,0.8000832,0.5453160533333333333333333333
2017/6/8 9:15:48,189.6050688,9.408018526559559994210450138,188.9532928,2.904760175737990632148433245,189,0.7,188.92,97.951,0.6850688,0.063904,0.8000832,0.5468517978021978021978021978
2017/6/8 9:15:53,189.2826112,0.3624633005908151799630287433,188.9601536,5.446227579696463582891583763,189.57,21.5,188.92,97.951,0.3626112,0.063904,0.8000832,0.5448491826086956521739130435
2017/6/8 9:15:59,189.2826112,0.3624633005908151799630287433,188.9601536,1.0892455159392927165783167526,189.57,21.4,188.92,95.171,0.3626112,0.063904,0.8000832,0.5428896344086021505376344086
2017/6/8 9:16:05,189.2826112,0.3624633005908151799630287433,188.9601536,1.0892455159392927165783167526,189.57,33.2,189,103.03,0.2826112,0.063904,0.8000832,0.5401207148936170212765957447
2017/6/8 9:16:10,189.2826112,0.3624633005908151799630287433,188.9601536,1.0892455159392927165783167526,189.57,33.2,189,113.03,0.2826112,0.063904,0.8000832,0.5374100884210526315789473684
2017/6/8 9:16:16,189.5982080,10.855798805862131355165550932,189.2826112,17.760701728949943818188408424,189.58,0.007,189.57,39.42,0.0282080,0.0282080,0.8000832,0.5321059
2017/6/8 9:16:22,189.5982080,10.855798805862131355165550932,189.2826112,16.31084852658668309833629345,189.57,11.74,188.92,60.671,0.6782080,0.0282080,0.8000832,0.5336121072164948453608247423
2017/6/8 9:16:27,189.5982080,10.855798805862131355165550932,189.2826112,16.31084852658668309833629345,189.57,11.74,188.92,60.531,0.6782080,0.0282080,0.8000832,0.5350875755102040816326530612
2017/6/8 9:16:33,189.5982080,3.6185996019540437850551836439,189.2826112,16.31084852658668309833629345,189.58,0.007,189.57,59.1,0.0282080,0.0282080,0.8000832,0.5299675797979797979797979798
2017/6/8 9:16:39,189.6942592,1.4467069333429780462222865203,189.2826112,16.31084852658668309833629345,189.58,0.007,188.92,16.921,0.7742592,0.0282080,0.8000832,0.532410496
2017/6/8 9:16:44,189.6942592,1.4467069333429780462222865203,189.2826112,16.31084852658668309833629345,189.59,35.156,189.58,7.22,0.1142592,0.0282080,0.8000832,0.5282703841584158415841584158
2017/6/8 9:16:50,190.0235776,9.387298263349821280283063148,189.8795008,6.1425061425061425061425061425,189.59,35.156,189.58,7.22,0.4435776,0.0282080,0.8000832,0.5274400627450980392156862745
2017/6/8 9:16:56,190.2088192,6.4925696147742028567306305006,190.0990464,1.4436263894903998845098888408,189.5,10.256,189.02,123.24,1.1888192,0.0282080,1.1888192,0.5338612194174757281553398058
2017/6/8 9:17:01,190.2088192,6.4925696147742028567306305006,190.0990464,1.4436263894903998845098888408,189.5,10.656,189.02,123.27,1.1888192,0.0282080,1.1888192,0.5401588923076923076923076923
2017/6/8 9:17:07,190.2088192,5.0497763670466022219016015005,189.8726400,471.90605239385727190605239386,189.56,20,189.5,86.254,0.7088192,0.0282080,1.1888192,0.541765180952380952380952381
2017/6/8 9:17:13,190.2088192,5.0497763670466022219016015005,189.8795008,31.073854603266367972250325192,189.56,20,189.5,77.039,0.7088192,0.0282080,1.1888192,0.5433411622641509433962264151
2017/6/8 9:17:18,190.5793024,0.7199942400460796313629490964,189.8795008,11.562364503540974129209423327,189.5,27.961,189.02,123.23,1.5593024,0.0282080,1.5593024,0.5528361271028037383177570093
2017/6/8 9:17:24,190.8331520,15.818802804242315297501348193,189.9000832,3.2515625564507388272697713068,189.5,27.961,189.02,120.54,1.8131520,0.0282080,1.8131520,0.5645057185185185185185185185
2017/6/8 9:17:30,190.8194304,107.86322942508898716427569841,189.9412480,2.8896514357955571609174643309,189.5,27.961,189.02,120.54,1.7994304,0.0282080,1.8131520,0.5758353027522935779816513761
2017/6/8 9:17:35,190.798848,5.3937432578209277238403451996,189.9549696,10.474229782930617257196518222,189.5,27.961,189.02,120.54,1.778848,0.0282080,1.8131520,0.5867717818181818181818181818
2017/6/8 9:17:41,190.7782656,11.86751537382673427554212968,189.9549696,10.474229782930617257196518222,189.5,25.327,189.02,87.65,1.7582656,0.0282080,1.8131520,0.5973257801801801801801801802
2017/6/8 9:17:47,190.7714048,9.710134503344601884485362871,189.9686912,2.8892339918379139730578930261,189.5,25.327,189.02,9.226,1.7514048,0.0282080,1.8131520,0.6076300571428571428571428571
2017/6/8 9:17:52,190.7165184,21.224548528671127419238794158,190.1196288,4.3304103063765291761394392119,189.6,58.4,189.02,13.966,1.6965184,0.0282080,1.8131520,0.6172662371681415929203539823
2017/6/8 9:17:58,190.7096576,94.61452674749073641040400043,189.9892736,0.3611151235013722374693052145,189.6,58.4,189.1,5,1.6096576,0.0282080,1.8131520,0.6259714245614035087719298246
2017/6/8 9:18:04,190.7096576,94.61452674749073641040400043,189.9824128,3.2501534794698638546820266513,189.5,145.76,189.1,5,1.6096576,0.0282080,1.8131520,0.6345252173913043478260869565
2017/6/8 9:18:09,190.7096576,162.96722667913803647875670036,189.9824128,3.2501534794698638546820266513,189.1,0.99,189.02,12.319,1.6896576,0.0282080,1.8131520,0.643621186206896551724137931
2017/6/8 9:18:15,190.7096576,7.9145231499802136921250494658,189.9824128,2.88902531508432342638402369,189.5,1.99,189.2,45.85,1.5096576,0.0282080,1.8131520,0.6510232068376068376068376068
2017/6/8 9:18:21,190.7096576,7.9145231499802136921250494658,189.9824128,3.2501534794698638546820266513,189.68,38.59,189.2,45.91,1.5096576,0.0282080,1.8131520,0.6582997694915254237288135593
2017/6/8 9:18:26,190.7096576,33.097096809008166348886570493,189.9824128,3.2501534794698638546820266513,189.68,32.273,189.2,44.22,1.5096576,0.0282080,1.8131520,0.6654540369747899159663865546
2017/6/8 9:18:32,190.7096576,33.097096809008166348886570493,189.9824128,3.2501534794698638546820266513,189.69,76.185,189.3,290.728,1.4096576,0.0282080,1.8131520,0.6716557333333333333333333333
2017/6/8 9:18:38,190.7096576,33.097096809008166348886570493,189.9824128,3.2501534794698638546820266513,189.67,5.28,189.3,293.448,1.4096576,0.0282080,1.8131520,0.6777549223140495867768595041
2017/6/8 9:18:43,190.7096576,33.097096809008166348886570493,189.9824128,3.2501534794698638546820266513,189.67,5.28,189.5,5,1.2096576,0.0282080,1.8131520,0.6821147803278688524590163934
2017/6/8 9:18:49,190.3460352,3.6043829296424452133794694348,189.9824128,0.3611281643855404282980029613,189.68,47.46,189.5,5,0.8460352,0.0282080,1.8131520,0.6834474666666666666666666667
2017/6/8 9:18:55,190.7096576,32.737345756736338453789977336,189.9892736,3.2500361115123501372237469305,189.68,39.937,189.5,7.81,1.2096576,0.0282080,1.8131520,0.6876910967741935483870967742
2017/6/8 9:19:00,190.7096576,32.737345756736338453789977336,189.9892736,3.2500361115123501372237469305,189.68,29.168,189.5,7.81,1.2096576,0.0282080,1.8131520,0.6918668288
2017/6/8 9:19:06,190.7096576,7.5547720977083857970284563082,189.9892736,3.2500361115123501372237469305,189.68,15.345,189.5,7.81,1.2096576,0.0282080,1.8131520,0.6959762793650793650793650794
2017/6/8 9:19:12,190.7096576,7.5547720977083857970284563082,189.9892736,3.2500361115123501372237469305,189.69,49.696,189.5,7.81,1.2096576,0.0282080,1.8131520,0.7000210141732283464566929134
2017/6/8 9:19:17,190.7096576,1.7987552613591394754829657877,189.9892736,7.22230247002744474938610429,189.69,40.274,189.5,10,1.2096576,0.0282080,1.8131520,0.70400255
2017/6/8 9:19:23,190.7027968,2.1585839689163908476039717945,190.2774272,9.37477464484026826278214466,189.7,191.232,189.5,10,1.2027968,0.0282080,1.8131520,0.7078691720930232558139534884
2017/6/8 9:19:29,190.7027968,2.1585839689163908476039717945,190.2774272,9.735342900411047811350688685,189.7,178.847,189.69,4.41,1.0127968,0.0282080,1.8131520,0.7102147692307692307692307692
2017/6/8 9:19:34,190.7027968,2.1585839689163908476039717945,190.2774272,9.735342900411047811350688685,189.78,100,189.7,83.12,1.0027968,0.0282080,1.8131520,0.7124482198473282442748091603
2017/6/8 9:19:40,190.7027968,2.1585839689163908476039717945,190.2842880,2.1633315305570578691184424013,189.79,0.5,189.7,103.12,1.0027968,0.0282080,1.8131520,0.7146478303030303030303030303
2017/6/8 9:19:45,190.7027968,2.1585839689163908476039717945,190.2842880,2.1633315305570578691184424013,189.88,1,189.8,9.64,0.9027968,0.0282080,1.8131520,0.7160624842105263157894736842
2017/6/8 9:19:51,190.7096576,1.0792531568154836852897794726,190.2842880,2.1633315305570578691184424013,189.88,1,189.8,9.54,0.9096576,0.0282080,1.8131520,0.7175072238805970149253731343
2017/6/8 9:19:57,190.7096576,1.0792531568154836852897794726,190.2842880,2.1633315305570578691184424013,189.88,0.49,189.81,0.5,0.8996576,0.0282080,1.8131520,0.7188564859259259259259259259
2017/6/8 9:20:03,190.7096576,1.0792531568154836852897794726,190.2842880,1.8027762754642148909320353344,189.89,1,189.81,0.5,0.8996576,0.0282080,1.8131520,0.7201859058823529411764705882
2017/6/8 9:20:08,190.7096576,1.0792531568154836852897794726,190.2842880,1.8027762754642148909320353344,189.9,49.96,189.89,3.7,0.8196576,0.0282080,1.8131520,0.7209119766423357664233576642
2017/6/8 9:20:14,190.7096576,1.0792531568154836852897794726,190.2842880,6.129439336578330629168920137,189.95,9.98,189.9,5.92,0.8096576,0.0282080,1.8131520,0.7215550608695652173913043478
2017/6/8 9:20:20,190.7096576,1.0792531568154836852897794726,190.2842880,6.8505498467640165855417342708,190.01,0.1,190,2296.393,0.7096576,0.0282080,1.8131520,0.7214694676258992805755395683
2017/6/8 9:20:25,190.9635072,4.3112739814615218797154559172,190.2980096,20.910696903053682806359736093,190.5,467.65,190,46.351,0.9635072,0.0282080,1.8131520,0.7231983085714285714285714286
2017/6/8 9:20:31,190.8400128,287.60425654299683635317802703,190.3117312,10.454594614081257435379790187,190.19,0.1,190,43.821,0.8400128,0.0282080,1.8131520,0.7240267801418439716312056738
2017/6/8 9:20:37,191.0938624,2.5131942699170645890927368686,190.8400128,2.1570319240724762726488352028,190.29,4.19,190.2,22.9,0.8938624,0.0282080,1.8131520,0.7252228056338028169014084507
2017/6/8 9:20:42,191.0938624,1.4361110113811797651958496392,190.8468736,21.929036200884351295970090233,190.49,19.29,190.29,7.214,0.8038624,0.0282080,1.8131520,0.7257727328671328671328671329
2017/6/8 9:20:48,191.0938624,1.4361110113811797651958496392,190.9703680,8.262978264774564397341476558,190.5,342.65,190.29,2.664,0.8038624,0.0282080,1.8131520,0.7263150222222222222222222222
2017/6/8 9:20:54,191.0870016,179.16128105701565417205227632,190.9703680,9.34075803844081192742949524,190.5,213.456,190.29,2.714,0.7970016,0.0282080,1.8131520,0.7268025158620689655172413793
2017/6/8 9:20:59,191.0870016,179.16128105701565417205227632,190.9703680,8.262978264774564397341476558,190.5,208.456,190.2,31.69,0.8870016,0.0282080,1.8131520,0.7278997698630136986301369863
2017/6/8 9:21:05,191.0801408,7.5401242325230691896161717712,190.9703680,8.262978264774564397341476558,190.5,460.486,190.2,31.69,0.8801408,0.0282080,1.8131520,0.7289354231292517006802721088
2017/6/8 9:21:11,191.0801408,93.71297260421528849951527773,190.9703680,7.9037183402191485539788036645,190.2,34.47,190.1,133,0.9801408,0.0282080,1.8131520,0.7306327567567567567567567568
2017/6/8 9:21:16,191.3065472,7.8898292927843924831444556018,191.210496,4.3057050592034445640473627557,190.5,115.507,190.1,133,1.2065472,0.0282080,1.8131520,0.7338268134228187919463087248
2017/6/8 9:21:22,191.3065472,3.5862860421747238559747525463,191.210496,7.5349838536060279870828848224,190.49,2.9,190.29,50,1.0165472,0.0282080,1.8131520,0.735711616
2017/6/8 9:21:27,191.3065472,1.7931430210873619279873762731,191.210496,6.4585575888051668460710441335,190.5,120.007,190.49,131.309,0.8165472,0.0282080,1.8131520,0.7362469509933774834437086093
2017/6/8 9:21:33,191.3065472,1.7931430210873619279873762731,191.210496,6.4585575888051668460710441335,190.5,118.427,190.49,103.319,0.8165472,0.0282080,1.8131520,0.7367752421052631578947368421
2017/6/8 9:21:39,191.3065472,1.4345144168698895423899010185,191.210496,7.1761750986724076067456045928,190.5,140.913,190.49,2.82,0.8165472,0.0282080,1.8131520,0.7372966274509803921568627451
2017/6/8 9:21:44,191.6564480,5.3696080186146411311974225882,191.210496,6.4585575888051668460710441335,190.5,35.913,190.49,2.276,1.1664480,0.0282080,1.8131520,0.7400833246753246753246753247
2017/6/8 9:21:50,191.6495872,124.93735233049330564902985609,191.210496,2.1528525296017222820236813778,190.52,0.37,190.5,4.183,1.1495872,0.0282080,1.8131520,0.7427252851612903225806451613
2017/6/8 9:21:56,191.6290048,5.3703770004654326733736708317,190.9429248,1.7965577952642736516833746542,190.52,0.07,190.5,29.393,1.1290048,0.0282080,1.8131520,0.7452014358974358974358974359
2017/6/8 9:22:01,191.5947008,11.458855546802263123970493447,190.9429248,1.7965577952642736516833746542,190.78,14.97,190.5,23.678,1.0947008,0.0282080,1.8131520,0.7474275464968152866242038217
2017/6/8 9:22:07,191.5672576,11.460497099061671800014325621,190.9429248,1.7965577952642736516833746542,190.73,0.1,190.6,7.9,0.9672576,0.0282080,1.8131520,0.7488188759493670886075949367
2017/6/8 9:22:13,191.553536,11.461318051575931232091690544,190.9292032,3.2340364368105213985410902296,190.78,0.6,190.52,111.64,1.033536,0.0282080,1.8131520,0.7506095496855345911949685535
2017/6/8 9:22:18,191.5329536,15.044596482430060536590607873,190.9497856,3.9522851394078758263868927853,190.78,0.6,190.52,111.64,1.0129536,0.0282080,1.8131520,0.7522492
2017/6/8 9:22:24,191.5123712,13.613240667765279071433689188,190.9292032,3.2340364368105213985410902296,190.78,0.6,190.6,26.23,0.9123712,0.0282080,1.8131520,0.7532437465838509316770186335
2017/6/8 9:22:30,191.5123712,11.105538439492727663538009601,190.9292032,3.2340364368105213985410902296,190.77,14.753,190.6,0.01,0.9123712,0.0282080,1.8131520,0.7542260148148148148148148148
2017/6/8 9:22:35,191.5055104,6.0903521656575789058861462401,190.8468736,3.5949239673580903763885393824,190.79,17.716,190.77,2.76,0.7355104,0.0282080,1.8131520,0.7541111950920245398773006135
2017/6/8 9:22:41,191.4986496,6.4488392089423903697334479794,190.8468736,3.5949239673580903763885393824,190.78,1.99,190.77,125.83,0.7286496,0.0282080,1.8131520,0.7539559414634146341463414634
2017/6/8 9:22:47,191.4986496,4.2992261392949269131556319862,190.8400128,12.223180903077365545010066149,190.78,30.372,190.77,88.61,0.7286496,0.0282080,1.8131520,0.7538025696969696969696969697
2017/6/8 9:22:52,191.4917888,9.315323707498835584536562646,190.8468736,2.8759391738864723011108315059,190.77,34.57,190.6,12.74,0.8917888,0.0282080,1.8131520,0.7546338120481927710843373494
2017/6/8 9:22:58,191.484928,10.032246506628448584736653529,190.8400128,12.223180903077365545010066149,190.77,42.349,190.6,0.01,0.884928,0.0282080,1.8131520,0.7554140167664670658682634731
2017/6/8 9:23:04,191.4780672,8.599376545200472965709986026,190.8468736,10.784771902074271129165618147,190.77,41.349,190.6,0.01,0.8780672,0.0282080,1.8131520,0.7561440952380952380952380952
2017/6/8 9:23:09,191.2379392,71.751452966922580182248690536,190.8468736,12.941726282489125354998741777,190.6,25.214,190.5,63.22,0.7379392,0.0282080,1.8131520,0.7560363739644970414201183432
2017/6/8 9:23:15,191.2379392,76.056540144937934993183611968,190.8400128,12.223180903077365545010066149,190.6,23.214,190.5,73.22,0.7379392,0.0282080,1.8131520,0.75592992
2017/6/8 9:23:21,191.2379392,75.697782880103322092272368515,190.8468736,8.987309918395225940971348456,190.7,50,190.5,7.491,0.7379392,0.0282080,1.8131520,0.7558247111111111111111111111
2017/6/8 9:23:26,191.2310784,7.5341728554515122161231299107,190.8400128,12.223180903077365545010066149,190.6,6.499,190.5,7.491,0.7310784,0.0282080,1.8131520,0.7556808372093023255813953488
2017/6/8 9:23:32,191.2310784,7.5341728554515122161231299107,190.8468736,12.2227414890175072797210339,190.6,6.499,190.5,4.993,0.7310784,0.0282080,1.8131520,0.7555386265895953757225433526
2017/6/8 9:23:37,191.2310784,7.892942991425393750224231335,190.8468736,5.3923859510371355645828090736,190.7,50.99,190.01,25.461,1.2210784,0.0282080,1.8131520,0.758214142528735632183908046
2017/6/8 9:23:43,191.2310784,3.9464714957126968751121156675,190.8468736,17.615127440054642844303842974,190.7,50.99,190.01,25.461,1.2210784,0.0282080,1.8131520,0.7608590811428571428571428571
2017/6/8 9:23:49,191.0389760,4.3095708385706590052073980966,190.8468736,5.0328935543013265269439551353,190.6,179.54,190.2,16.939,0.8389760,0.0282080,1.8131520,0.7613029272727272727272727273
2017/6/8 9:23:54,191.0389760,4.3095708385706590052073980966,190.8468736,18.693604630262069957220404788,190.58,124.07,190.2,16.939,0.8389760,0.0282080,1.8131520,0.7617417581920903954802259887
2017/6/8 9:24:00,191.0389760,4.3095708385706590052073980966,190.8468736,10.784771902074271129165618147,190.58,123.97,190.2,2.77,0.8389760,0.0282080,1.8131520,0.7621756584269662921348314607
2017/6/8 9:24:06,191.4712064,3.5832019492618603984520567579,191.1350272,1.7947521447288129509314763631,190.58,123.87,190.2,7.71,1.2712064,0.0282080,1.8131520,0.7650194055865921787709497207
2017/6/8 9:24:11,190.9978112,185.35148532634074499802435432,190.8468736,9.706294711866844016249056332,190.58,123.77,190.5,3.846,0.4978112,0.0282080,1.8131520,0.7635349155555555555555555556
2017/6/8 9:24:17,190.9978112,185.35148532634074499802435432,190.8400128,12.223180903077365545010066149,190.57,8.57,190.5,2.846,0.4978112,0.0282080,1.8131520,0.762066828729281767955801105
2017/6/8 9:24:23,190.9978112,185.35148532634074499802435432,190.8400128,12.223180903077365545010066149,190.57,1.14,190.5,2.406,0.4978112,0.0282080,1.8131520,0.7606148747252747252747252747
2017/6/8 9:24:28,190.9978112,185.35148532634074499802435432,190.8400128,11.863675582398619499568593615,190.5,49.524,190.21,3.82,0.7878112,0.0282080,1.8131520,0.7607634885245901639344262295
2017/6/8 9:24:34,190.9978112,185.71069363123675419375695966,190.5381376,11.522396658504969033558980268,190.5,60.524,190.2,74.282,0.7978112,0.0282080,1.8131520,0.760964834782608695652173913
2017/6/8 9:24:40,190.9909504,16.524175587326675766937279977,190.5381376,11.522396658504969033558980268,190.57,1.14,190.5,292.236,0.4909504,0.0282080,1.8131520,0.7595052972972972972972972973
2017/6/8 9:24:45,190.8400128,21.570319240724762726488352028,190.5381376,18.003744778914014114935906669,190.5,159.8,190.2,83.682,0.6400128,0.0282080,1.8131520,0.7588628645161290322580645161
2017/6/8 9:24:51,190.8400128,26.962899050905953408110440035,190.4009216,3.6033439031421158835399250504,190.5,167.499,190.2,115.372,0.6400128,0.0282080,1.8131520,0.7582273026737967914438502674
2017/6/8 9:24:57,190.8400128,27.322404371584699453551912568,190.2911488,3.605422555523507355062013268,190.5,164.599,190.2,83.682,0.6400128,0.0282080,1.8131520,0.7575985021276595744680851064
2017/6/8 9:25:02,190.8400128,27.322404371584699453551912568,190.5655808,7.9205069124423963133640552995,190.5,135.864,190.2,83.682,0.6400128,0.0282080,1.8131520,0.7569763555555555555555555556
2017/6/8 9:25:08,190.8400128,27.322404371584699453551912568,190.2911488,3.605422555523507355062013268,190.5,135.864,190.2,83.682,0.6400128,0.0282080,1.8131520,0.7563607578947368421052631579
2017/6/8 9:25:14,191.2036352,18.658724747927805088090710108,190.3117312,7.5705685136450484876888135838,190.5,79.286,190.2,83.682,1.0036352,0.0282080,1.8131520,0.7576553884816753926701570681
2017/6/8 9:25:19,191.1967744,10.047366154729438782833357256,190.3323136,2.1627856679403071155648475236,190.5,185.186,190.2,83.682,0.9967744,0.0282080,1.8131520,0.7589008
2017/6/8 9:25:25,191.1967744,10.047366154729438782833357256,190.3528960,3.2438277167057127410344206163,190.5,185.186,190.2,85.872,0.9967744,0.0282080,1.8131520,0.7601333056994818652849740933
2017/6/8 9:25:31,191.1967744,10.047366154729438782833357256,190.3597568,2.1624738701074028688820010092,190.5,76.876,190.2,31.642,0.9967744,0.0282080,1.8131520,0.7613531051546391752577319588
2017/6/8 9:25:36,191.1899136,45.214770158251695553880934439,190.3528960,3.2438277167057127410344206163,190.5,75.876,190.2,324.262,0.9899136,0.0282080,1.8131520,0.7625252102564102564102564103
2017/6/8 9:25:42,191.1899136,6.4592528797502422219829906341,190.3597568,2.1624738701074028688820010092,190.56,0.25,190.5,80.574,0.6899136,0.0282080,1.8131520,0.7621547428571428571428571429
2017/6/8 9:25:48,191.1899136,6.1004054975418954318728244877,190.3597568,2.1624738701074028688820010092,190.59,79.25,190.5,72.644,0.6899136,0.0282080,1.8131520,0.7617880365482233502538071066
2017/6/8 9:25:53,191.1899136,6.1004054975418954318728244877,190.3734784,2.1623180049012541444428427274,190.68,0.25,190.6,4.43,0.5899136,0.0282080,1.8131520,0.7609199838383838383838383838
2017/6/8 9:25:59,191.1899136,6.4592528797502422219829906341,190.4009216,2.1620063418852695301239550303,190.7,196.547,190.5,32.47,0.6899136,0.0282080,1.8131520,0.7605631678391959798994974874
2017/6/8 9:26:05,191.1899136,6.4592528797502422219829906341,190.4283648,2.161694768698659749243406831,190.7,196.547,190.5,4.91,0.6899136,0.0282080,1.8131520,0.76020992
2017/6/8 9:26:11,191.1899136,5.7415581153335486417626583414,190.8125696,4.3146843089313965194879907953,190.7,196.547,190.5,2.65,0.6899136,0.0282080,1.8131520,0.7598601870646766169154228856
2017/6/8 9:26:16,191.1899136,5.7415581153335486417626583414,190.8125696,4.3146843089313965194879907953,190.7,191.687,190.5,45.939,0.6899136,0.0282080,1.8131520,0.7595139168316831683168316832
2017/6/8 9:26:22,191.1899136,3.229626439875121110991495317,190.8125696,4.3146843089313965194879907953,190.7,189.307,190.5,45.939,0.6899136,0.0282080,1.8131520,0.7591710581280788177339901478
2017/6/8 9:26:27,191.1899136,5.7415581153335486417626583414,190.8125696,4.3146843089313965194879907953,190.7,188.667,190.5,553.719,0.6899136,0.0282080,1.8131520,0.7588315607843137254901960784
2017/6/8 9:26:33,191.1899136,5.7415581153335486417626583414,190.8125696,4.3146843089313965194879907953,190.77,2.52,190.7,77.253,0.4899136,0.0282080,1.8131520,0.7575197658536585365853658537
2017/6/8 9:26:39,191.1899136,6.1004054975418954318728244877,190.5381376,7.5615728071438859282730808008,190.77,2.52,190.7,76.972,0.4899136,0.0282080,1.8131520,0.756220706796116504854368932
2017/6/8 9:26:44,191.1899136,11.841963612875444073635482829,190.5381376,3.9608238513610831052858994671,190.8,246.58,190.7,11.13,0.4899136,0.0282080,1.8131520,0.7549341990338164251207729469
2017/6/8 9:26:50,191.1899136,6.4592528797502422219829906341,190.5381376,3.9608238513610831052858994671,190.8,37.563,190.77,3.63,0.4199136,0.0282080,1.8131520,0.7533235230769230769230769231
2017/6/8 9:26:56,191.1899136,3.5884738220834679011016614634,190.5449984,0.7201238613041443128218053505,190.8,37.463,190.77,3.63,0.4199136,0.0282080,1.8131520,0.7517282602870813397129186603
2017/6/8 9:27:01,191.1830528,1.7943012990741405296777434867,190.6410496,8.277251952351819196026919063,190.7,110.87,190.5,45.999,0.6830528,0.0282080,1.8131520,0.7514012342857142857142857143
2017/6/8 9:27:07,191.1830528,0.3588602598148281059355486973,190.6479104,4.6782783935511731682740751403,190.7,88.44,190.5,45.999,0.6830528,0.0282080,1.8131520,0.7510773080568720379146919431
2017/6/8 9:27:13,191.1761920,179.43656917279741611340391172,190.6479104,4.6782783935511731682740751403,190.79,4,190.7,14.997,0.4761920,0.0282080,1.8131520,0.7497806792452830188679245283
2017/6/8 9:27:18,191.1693312,5.3832902670111972437553832903,190.6479104,0.3598675687347056283287750108,190.7,13.193,190.51,525.035,0.6593312,0.0282080,1.8131520,0.7493560338028169014084507042
2017/6/8 9:27:24,191.1693312,5.3832902670111972437553832903,190.6479104,0.3598675687347056283287750108,190.96,3.4,190.79,2,0.3793312,0.0282080,1.8131520,0.7476269457943925233644859813
2017/6/8 9:27:30,191.1693312,5.3832902670111972437553832903,190.6479104,0.7197351374694112566575500216,190.96,3.4,190.79,4.61,0.3793312,0.0282080,1.8131520,0.7459139423255813953488372093
2017/6/8 9:27:35,191.1693312,5.3832902670111972437553832903,190.6479104,0.7197351374694112566575500216,190.95,0.5,190.79,2.61,0.3793312,0.0282080,1.8131520,0.7442168
2017/6/8 9:27:41,191.5398144,3.5819184755354968120925567734,190.6479104,0.3598675687347056283287750108,190.79,0.2,190.7,138.56,0.8398144,0.0282080,1.8131520,0.7446573419354838709677419355
2017/6/8 9:27:47,191.5329536,11.820754379052190421606906186,190.6479104,23.751259536490571469699150713,190.96,2.85,190.79,21.86,0.7429536,0.0282080,1.8131520,0.7446495266055045871559633028
2017/6/8 9:27:52,191.5329536,11.104345022745997062721639145,190.7576832,14.026758739749676305567544238,190.96,2.85,190.79,24.54,0.7429536,0.0282080,1.8131520,0.7446417826484018264840182648
2017/6/8 9:27:58,191.5260928,8.95543774179681902851411377,190.8811776,26.238228739846164905470490978,190.96,1,190.95,261.848,0.5760928,0.0282080,1.8131520,0.7438756509090909090909090909
2017/6/8 9:28:04,191.8005248,11.804263843182143368149949921,190.8880384,7.5477123243359810228947273838,190.97,170.714,190.96,79.859,0.8405248,0.0282080,1.8131520,0.7443129773755656108597285068
2017/6/8 9:28:09,191.7730816,5.3663423010875787063537492845,191.41632,52.688172043010752688172043011,190.96,25.753,190.95,219.448,0.8230816,0.0282080,1.8131520,0.744667790990990990990990991
2017/6/8 9:28:15,191.759360,5.724508050089445438282647585,191.41632,52.688172043010752688172043011,190.96,6.616,190.95,219.448,0.809360,0.0282080,1.8131520,0.7449578905829596412556053812
2017/6/8 9:28:21,191.9926272,11.435105774728416237850200114,191.41632,53.046594982078853046594982079,190.98,96.7,190.95,7.6,1.0426272,0.0282080,1.8131520,0.7462867714285714285714285714
2017/6/8 9:28:26,191.7181952,3.5785857429144002290294875465,191.41632,53.046594982078853046594982079,190.98,96.7,190.96,155.44,0.7581952,0.0282080,1.8131520,0.7463396977777777777777777778
2017/6/8 9:28:32,191.690752,112.02576950608446671438797423,191.3134080,7.8895463510848126232741617357,191,1192.947,190.96,155.44,0.730752,0.0282080,1.8131520,0.7462707256637168141592920354
2017/6/8 9:28:38,191.6701696,1.0738447220531911085657013996,191.0115328,4.3101900075428325131999568981,191,1188.947,190.98,264.497,0.6901696,0.0282080,1.8131520,0.7460235841409691629955947137
2017/6/8 9:28:43,191.6358656,3.5801231562365745381641128455,191.1899136,35.884738220834679011016614634,191,953.147,190.98,264.497,0.6558656,0.0282080,1.8131520,0.7456281543859649122807017544
2017/6/8 9:28:49,191.6290048,10.382728867566503168522430275,191.0115328,1.0775475018857081282999892245,191,238.237,190.99,0.5,0.6390048,0.0282080,1.8131520,0.7451625502183406113537117904
2017/6/8 9:28:55,191.622144,10.38310060866451843895452918,191.3614336,35.852574214828624695253119174,191.09,0.1,191,116.883,0.622144,0.0282080,1.8131520,0.7446276869565217391304347826
2017/6/8 9:29:00,191.6152832,5.0127108023917791542840774822,191.3614336,5.7364118743725799512404990678,191.23,80,191.2,9.79,0.4152832,0.0282080,1.8131520,0.7432019532467532467532467532
2017/6/8 9:29:06,191.6084224,4.2967631051274706387854482956,191.3614336,5.7364118743725799512404990678,191.23,80,191.1,178.494,0.5084224,0.0282080,1.8131520,0.7421899724137931034482758621
2017/6/8 9:29:12,191.9789056,107.21177900078621971267243228,191.6084224,1.0741907762818676596963620739,191.3,100,191.2,22.125,0.7789056,0.0282080,1.8131520,0.742347550214592274678111588
2017/6/8 9:29:17,191.9514624,10.007863321180927871899349489,191.6084224,1.0741907762818676596963620739,191.38,26.045,191.2,5.181,0.7514624,0.0282080,1.8131520,0.7423865025641025641025641026
2017/6/8 9:29:23,191.9446016,15.012331558065553847803552918,191.6084224,1.4322543683758235462618160985,191.37,0.5,191.3,201.188,0.6446016,0.0282080,1.8131520,0.7419703965957446808510638298
2017/6/8 9:29:29,191.9446016,9.650784573042141759302284019,191.6084224,1.4322543683758235462618160985,191.4,311.449,191.3,220.438,0.6446016,0.0282080,1.8131520,0.7415578169491525423728813559
2017/6/8 9:29:34,191.9446016,0.7148729313364549451335025199,191.6084224,1.4322543683758235462618160985,191.49,0.5,191.3,220.438,0.6446016,0.0282080,1.8131520,0.7411487189873417721518987342
2017/6/8 9:29:40,191.9446016,0.7148729313364549451335025199,191.6084224,1.4322543683758235462618160985,191.49,0.5,191.4,235.26,0.5446016,0.0282080,1.8131520,0.7403228907563025210084033613
2017/6/8 9:29:46,191.9446016,0.7148729313364549451335025199,191.6084224,1.4322543683758235462618160985,191.5,290.4,191.49,10.39,0.4546016,0.0282080,1.8131520,0.739127404184100418410041841
2017/6/8 9:29:51,191.9446016,1.0723093970046824177002537799,191.6084224,1.4322543683758235462618160985,191.5,290.4,191.49,10.39,0.4546016,0.0282080,1.8131520,0.73794188
2017/6/8 9:29:57,192.0406528,0.7145153799435532849844592905,191.6976128,8.947424931104828030492824165,191.63,0.1,191.6,512.76,0.4406528,0.0282080,1.8131520,0.7367083153526970954356846473
2017/6/8 9:30:03,191.9514624,6.0762027307169919222246050468,191.6976128,8.947424931104828030492824165,191.72,0.1,191.65,5,0.3014624,0.0282080,1.8131520,0.7349097785123966942148760331
2017/6/8 9:30:08,191.9514624,6.0762027307169919222246050468,191.6976128,1.0736909917325793636591388998,191.7,173.137,191.6,457.961,0.3514624,0.0282080,1.8131520,0.7333318057613168724279835391
2017/6/8 9:30:14,191.9514624,6.0762027307169919222246050468,191.6976128,1.0736909917325793636591388998,191.7,121.765,191.61,198.862,0.3414624,0.0282080,1.8131520,0.7317257836065573770491803279
2017/6/8 9:30:19,191.9514624,5.3613553506326399313746515119,191.6976128,1.0736909917325793636591388998,191.69,88.97,191.65,100,0.3014624,0.0282080,1.8131520,0.7299696065306122448979591837
2017/6/8 9:30:25,191.9514624,6.0762027307169919222246050468,191.6976128,1.0736909917325793636591388998,191.69,88.97,191.66,97.837,0.2914624,0.0282080,1.8131520,0.7281870569105691056910569106
2017/6/8 9:30:31,191.9514624,6.0762027307169919222246050468,191.6976128,1.0736909917325793636591388998,191.8,122.959,191.7,82.18,0.2514624,0.0282080,1.8131520,0.7262569975708502024291497976
2017/6/8 9:30:36,191.9514624,6.0762027307169919222246050468,191.6976128,1.0736909917325793636591388998,191.89,114.31,191.7,353.61,0.2514624,0.0282080,1.8131520,0.7243425032258064516129032258
2017/6/8 9:30:42,191.9514624,5.3613553506326399313746515119,191.6976128,1.0736909917325793636591388998,191.88,18.139,191.8,11,0.1514624,0.0282080,1.8131520,0.722041779919678714859437751
2017/6/8 9:30:48,191.9514624,6.0762027307169919222246050468,191.6976128,1.0736909917325793636591388998,192,120.109,191.8,11,0.1514624,0.0282080,1.8131520,0.7197594624
2017/6/8 9:30:53,191.9514624,6.0762027307169919222246050468,191.6976128,1.0736909917325793636591388998,191.98,36.01,191.87,91.4,0.0814624,0.0282080,1.8131520,0.7172164462151394422310756972
2017/6/8 9:30:59,191.827968,22.174535050071530758226037196,191.6976128,1.0736909917325793636591388998,191.98,32.009,191.89,313.35,-0.062032,-0.062032,1.8131520,0.7141241904761904761904761905
2017/6/8 9:31:05,191.9514624,6.0762027307169919222246050468,191.6976128,1.0736909917325793636591388998,191.98,6.11,191.89,6.781,0.0614624,-0.062032,1.8131520,0.7115444996047430830039525692
2017/6/8 9:31:10,192.0955392,107.14668381013607628843887282,191.9994880,2.8586742897981061282830087547,191.97,25.92,191.9,403.113,0.1955392,-0.062032,1.8131520,0.7095129826771653543307086614
2017/6/8 9:31:16,192.0955392,248.58030643951569698917818494,191.8554112,7.8672579030181662137033328565,192,433.46,191.98,17.97,0.1155392,-0.062032,1.8131520,0.7071836737254901960784313725
2017/6/8 9:31:22,192.2258944,5.3537011920907987722178599472,192.0886784,1.071505107507679119937138367,192.01,4.878,192,650.31,0.2258944,-0.062032,1.8131520,0.7053036375
2017/6/8 9:31:27,192.2190336,2.1415569118749330763465039083,192.0886784,1.071505107507679119937138367,192.01,4.878,192,350.31,0.2190336,-0.062032,1.8131520,0.7034115361867704280155642023
2017/6/8 9:31:33,192.4179968,3.5655708478927476288953861513,192.0886784,1.4286734766769054932495178227,192.08,0.1,192.01,17.122,0.4079968,-0.062032,1.8131520,0.7022665178294573643410852713
2017/6/8 9:31:39,192.4111360,2.8525583883045106079515065074,192.0886784,1.4286734766769054932495178227,192.2,26.62,192,728.482,0.4111360,-0.062032,1.8131520,0.7011424617760617760617760618
2017/6/8 9:31:44,191.9720448,587.89893141774775740681176513,191.965184,42.172980700500357398141529664,192.26,0.1,192.2,344.034,-0.2279552,-0.2279552,1.8131520,0.6975690092307692307692307692
2017/6/8 9:31:50,191.9720448,260.53393374075265358636217433,191.965184,42.172980700500357398141529664,192.25,0.41,192.2,343.034,-0.2279552,-0.2279552,1.8131520,0.6940229394636015325670498084
2017/6/8 9:31:55,191.9720448,237.30388477895714949429970337,191.965184,42.172980700500357398141529664,192.36,15,192.3,38.66,-0.3279552,-0.3279552,1.8131520,0.6901222595419847328244274809
2017/6/8 9:32:01,191.9720448,235.5169579357421107179872056,191.965184,7.1479628305932809149392423159,192.35,0.6,192.3,902.266,-0.3279552,-0.3279552,1.8131520,0.6862512425855513307984790875
2017/6/8 9:32:07,191.9720448,235.5169579357421107179872056,191.8005248,7.8695092287880955787666332809,192.44,0.1,192.4,646.767,-0.4279552,-0.4279552,1.8131520,0.6820307636363636363636363636
2017/6/8 9:32:12,191.965184,1.786990707648320228734810579,191.6427264,7.8759889736154369383882862564,192.49,8.6,192.4,1056.719,-0.434816,-0.434816,1.8131520,0.677816247547169811320754717
2017/6/8 9:32:18,191.965184,0.3573981415296640457469621158,191.6495872,0.3579866828953962912579652037,192.56,2.9,192.5,147.203,-0.534816,-0.534816,1.8131520,0.6732574796992481203007518797
2017/6/8 9:32:24,191.9720448,62.185054143883349415674922269,191.6427264,7.8759889736154369383882862564,192.85,0.008,192.6,0.002,-0.6279552,-0.6279552,1.8131520,0.6683840239700374531835205993
2017/6/8 9:32:29,191.9720448,22.515278224509488581537471856,191.6427264,7.8759889736154369383882862564,192.71,0.1,192.7,61.6,-0.7279552,-0.7279552,1.8131520,0.6631738029850746268656716418
2017/6/8 9:32:35,192.239616,6.0670949321912919343326195575,192.0680960,20.717985354527594213252366494,193,433.732,192.9,523.369,-0.660384,-0.7279552,1.8131520,0.6582535137546468401486988848
2017/6/8 9:32:41,192.0612352,1.7860970207901693219975709081,191.5672576,7.1628106869135448750089535134,193,703.218,192.9,463.269,-0.8387648,-0.8387648,1.8131520,0.6527090014814814814814814815
2017/6/8 9:32:46,192.2327552,7.1380134908454976979906492023,192.1572864,3.2133676092544987146529562982,193,321.368,192.9,415.539,-0.6672448,-0.8387648,1.8131520,0.6478383232472324723247232472
2017/6/8 9:32:52,192.1572864,3.2133676092544987146529562982,191.7730816,2.8620492272467086433886662851,193.07,0.1,193,132.597,-0.8427136,-0.8427136,1.8131520,0.6423583529411764705882352941
2017/6/8 9:32:58,192.1572864,12.853470437017994858611825193,191.7936640,14.30871042747272402074763012,193.18,221.08,193,115.087,-0.8427136,-0.8427136,1.8131520,0.6369185289377289377289377289
2017/6/8 9:33:03,192.1572864,4.9985718366181091116823764639,192.1024,52.857142857142857142857142857,193,4.54,192.9,228.601,-0.7427136,-0.8427136,1.8131520,0.6318833751824817518248175182
2017/6/8 9:33:09,192.4660224,10.337575303889067122945852493,192.2533376,8.921561630147741060595246592,193.18,95.55,193,62.89,-0.5339776,-0.8427136,1.8131520,0.6276438807272727272727272727
2017/6/8 9:33:14,192.2464768,3.5687520074230041754398486849,192.1092608,20.356415842291346737616513696,193,530.303,192.9,220.641,-0.6535232,-0.8427136,1.8131520,0.6230019710144927536231884058
2017/6/8 9:33:20,192.4523008,6.773377063206302805604078286,192.3425280,2.1401819154628143392188336009,193,806.026,192.85,0.5,-0.3976992,-0.8427136,1.8131520,0.6193171292418772563176895307
2017/6/8 9:33:26,192.5346304,3.9197519866015750276164344511,192.1092608,9.642512767401164244134138066,192.9,37.43,192.7,65.5,-0.1653696,-0.8427136,1.8131520,0.6164945151079136690647482014
2017/6/8 9:33:31,192.5346304,3.9197519866015750276164344511,192.2053120,2.4986614313760485454220953061,192.9,37.43,192.7,15.183,-0.1653696,-0.8427136,1.8131520,0.613692134767025089605734767
2017/6/8 9:33:37,192.5346304,9.621209421658411431422157289,191.8005248,21.104592931749892688510516526,192.7,79.817,192.6,92,-0.0653696,-0.8427136,1.8131520,0.6112669142857142857142857143
2017/6/8 9:33:43,192.1778688,0.3570026061190246688800828246,191.8211072,2.8613326656890446725562430702,192.6,37.769,192.4,20.25,-0.2221312,-0.8427136,1.8131520,0.6083010846975088967971530249
2017/6/8 9:33:48,192.1778688,3.570026061190246688800828246,191.7936640,3.934895367554999105705598283,192.6,42.769,192.4,19.25,-0.2221312,-0.8427136,1.8131520,0.6053562893617021276595744681
2017/6/8 9:33:54,192.171008,14.280614066404855408782577651,191.6290048,5.3703770004654326733736708317,192.6,42.769,192,618.31,0.171008,-0.8427136,1.8131520,0.6038214897526501766784452297
2017/6/8 9:34:00,192.1641472,3.5702809811132136099111000036,191.6015616,2.8646113080531385397643857199,192.5,51,192,624.095,0.1641472,-0.8427136,1.8131520,0.6022733408450704225352112676
2017/6/8 9:34:05,192.171008,16.065690824705462334880399857,191.6358656,6.4442216812258341686954031219,192.49,20,192,568.04,0.171008,-0.8427136,1.8131520,0.6007601291228070175438596491
2017/6/8 9:34:11,192.171008,15.351660121385219564441270975,192.1092608,11.07103317738652190993178815,192.9,47.592,192,567.66,0.171008,-0.8427136,1.8131520,0.5992574993006993006993006993
2017/6/8 9:34:17,192.171008,15.351660121385219564441270975,192.1092608,8.571122459912145994785900504,192.9,47.592,192.01,108.658,0.161008,-0.8427136,1.8131520,0.597730497560975609756097561
2017/6/8 9:34:22,192.7267328,0.7119718059164857071659962265,192.2670592,0.3568369968598344276334570368,192.9,17.402,192.6,2.1,0.1267328,-0.8427136,1.8131520,0.5960950888888888888888888889
2017/6/8 9:34:28,192.6855680,0.7121239095602634858465372975,192.1092608,15.713724509838934323774150923,192.8,374.27,192.6,2.1,0.0855680,-0.8427136,1.8131520,0.5943285591695501730103806228
2017/6/8 9:34:34,192.6855680,0.7121239095602634858465372975,192.1092608,12.499553587371879575729438234,192.8,341.611,192.15,35,0.5355680,-0.8427136,1.8131520,0.5941259365517241379310344828
2017/6/8 9:34:39,192.6855680,0.7121239095602634858465372975,192.1092608,11.07103317738652190993178815,192.8,297.091,192.01,35,0.6755680,-0.8427136,1.8131520,0.5944058061855670103092783505
2017/6/8 9:34:45,192.6855680,0.7121239095602634858465372975,192.1024,52.857142857142857142857142857,192.8,297.091,192.01,84.46,0.6755680,-0.8427136,1.8131520,0.5946837589041095890410958904
2017/6/8 9:34:50,192.6855680,0.7121239095602634858465372975,191.9240192,7.1494959605347822978480017159,192.8,297.091,192.01,64.379,0.6755680,-0.8427136,1.8131520,0.5949598143344709897610921502
2017/6/8 9:34:56,192.6855680,6.4091151860423713726188356774,191.9377408,3.2170431798684586788676008007,192.7,200,192.33,100,0.3555680,-0.8427136,1.8131520,0.5941455564625850340136054422
2017/6/8 9:35:02,192.6787072,7.477567298105682951146560319,191.9583232,10.364916544551270595803995854,192.7,200,192.33,100,0.3487072,-0.8427136,1.8131520,0.5933135620338983050847457627
2017/6/8 9:35:07,192.6718464,9.970444753053448705622618666,191.965184,2.8591851322373123659756969264,192.3,2.47,192.15,35,0.5218464,-0.8427136,1.8131520,0.5930721189189189189189189189
2017/6/8 9:35:13,192.3219456,6.4212328767123287671232876712,191.9789056,2.8589807733542991923379315274,192.79,5,192.7,1000,-0.3780544,-0.8427136,1.8131520,0.5898023326599326599326599327
2017/6/8 9:35:19,192.3219456,6.4212328767123287671232876712,191.827968,2.503576537911301859799713877,192.8,359.235,192.7,930.946,-0.3780544,-0.8427136,1.8131520,0.5865544912751677852348993289
2017/6/8 9:35:24,192.3219456,5.7077625570776255707762557078,191.827968,2.503576537911301859799713877,192.8,359.235,192.7,920.006,-0.3780544,-0.8427136,1.8131520,0.5833283745819397993311036789
2017/6/8 9:35:30,192.3219456,5.351027397260273972602739726,191.827968,2.503576537911301859799713877,192.8,600.287,192.7,920.006,-0.3780544,-0.8427136,1.8131520,0.5801237653333333333333333333
2017/6/8 9:35:36,192.3219456,5.351027397260273972602739726,191.827968,2.503576537911301859799713877,192.8,501.587,192.71,35,-0.3880544,-0.8427136,1.8131520,0.5769072265780730897009966777
2017/6/8 9:35:41,192.3219456,5.7077625570776255707762557078,191.6838912,12.527291599556175954758581195,192.8,27.167,192.71,35,-0.3880544,-0.8427136,1.8131520,0.5737119894039735099337748344
2017/6/8 9:35:47,192.3219456,5.351027397260273972602739726,191.6838912,14.674827302337234689860052257,192.98,9.38,192.8,73.368,-0.4780544,-0.8427136,1.8131520,0.5702408132013201320132013201
2017/6/8 9:35:52,191.9857664,1.7867991280420255154915484401,191.6770304,3.9372897129357863841363018112,192.98,9.38,192.8,164.015,-0.8142336,-0.8427136,1.8131520,0.5656866210526315789473684211
2017/6/8 9:35:58,192.4179968,1.0696712543678242886686158454,192.0818176,1.4287245061970925456298889167,192.98,9.38,192.8,149.035,-0.3820032,-0.8427136,1.8131520,0.5625794413114754098360655738
2017/6/8 9:36:04,192.0818176,5.7148980247883701825195556667,191.6770304,3.9372897129357863841363018112,192.98,9.38,192.9,184,-0.8181824,-0.8427136,1.8131520,0.5580671477124183006535947712
2017/6/8 9:36:09,192.1778688,6.0690443040234193709614080183,191.6427264,107.39984964021050370529481259,192.98,9.38,192.9,51.65,-0.7221312,-0.8427136,1.8131520,0.5538971205211726384364820847
2017/6/8 9:36:15,192.2739200,7.4933095450490633363068688671,191.6976128,11.094806914569986757811101965,192.98,9.38,192.9,34.65,-0.6260800,-0.8427136,1.8131520,0.550066025974025974025974026
2017/6/8 9:36:21,192.2739200,3.5682426404995539696699375558,192.2121728,42.475728155339805825242718447,193.1,1,193,74.33,-0.7260800,-0.8427136,1.8131520,0.5459361035598705501618122977
2017/6/8 9:36:26,192.2053120,6.0681777619132607531679457434,191.7113344,2.8629710482052750241563182192,193.1,1,193,129.416,-0.7946880,-0.8427136,1.8131520,0.5416115096774193548387096774
2017/6/8 9:36:32,192.2053120,13.921113689095127610208816705,191.6770304,0.7158708568974157062066003293,193.34,0.1,193.1,30.688,-0.8946880,-0.8946880,1.8131520,0.5369931832797427652733118971
2017/6/8 9:36:38,192.2053120,2.1417097983223273246475102624,191.7044736,5.7261470188247083243862286164,193.39,66.84,192.88,88,-0.6746880,-0.8946880,1.8131520,0.5331095897435897435897435897
2017/6/8 9:36:43,192.4111360,2.8525583883045106079515065074,192.3013632,2.4974133932712547718434478576,193.1,78.91,192.88,82.075,-0.4688640,-0.8946880,1.8131520,0.529908396166134185303514377
2017/6/8 9:36:49,192.3013632,1.7838667094794676941738913268,191.7868032,13.951491736424125348787293411,193.3,84.94,192.88,19.665,-0.5786368,-0.8946880,1.8131520,0.5263779974522292993630573248
2017/6/8 9:36:54,192.6375424,0.3561507229859676615143528741,191.827968,15.379113018597997138769670959,193,3.2,192.88,19.665,-0.2424576,-0.8946880,1.8131520,0.5239372495238095238095238095
2017/6/8 9:37:00,192.6306816,7.4794315632011967090501121915,191.8416896,5.00679493598455046134039053,193.1,92.67,192.88,39.145,-0.2493184,-0.8946880,1.8131520,0.5214902379746835443037974684
2017/6/8 9:37:06,192.6169600,8.192341941228851291184327694,191.8554112,8.224860534973537405235302532,193.1,92.67,193,54.032,-0.3830400,-0.8946880,1.8131520,0.5186368302839116719242902208
2017/6/8 9:37:11,192.6169600,9.260908281389136242208370436,191.8622720,2.8607187555873413195065260147,193.1,142.67,192.9,66.89,-0.2830400,-0.8946880,1.8131520,0.5161158339622641509433962264
2017/6/8 9:37:17,192.6169600,4.2742653606411398040961709706,191.8759936,2.8605141774233918546858797869,193,30,192.95,0.32,-0.3330400,-0.8946880,1.8131520,0.5134539034482758620689655172
2017/6/8 9:37:23,192.6169600,9.260908281389136242208370436,191.8897152,2.8603096285172869963173513533,193,40,192.95,0.32,-0.3330400,-0.8946880,1.8131520,0.51080861
2017/6/8 9:37:28,192.6100992,6.4116264159008335114340671084,191.896576,7.5080443332141580264569181266,193,14.04,192.9,26.91,-0.2899008,-0.8946880,1.8131520,0.5083141881619937694704049844
2017/6/8 9:37:34,192.6032384,6.4118548071100345527731272041,191.9240192,2.8597983842139129191392006864,192.9,80.04,192.88,29.145,-0.2767616,-0.8946880,1.8131520,0.5058760645962732919254658385
2017/6/8 9:37:40,192.6032384,0.3562141559505574751540626224,191.9377408,5.3617386331140977981126680011,192.9,80.04,192.8,42.492,-0.1967616,-0.8946880,1.8131520,0.5037007157894736842105263158
2017/6/8 9:37:45,192.6032384,0.3562141559505574751540626224,191.9720448,5.360780529645116328937493299,192.9,55.616,192.7,1127.006,-0.0967616,-0.8946880,1.8131520,0.501847437037037037037037037
2017/6/8 9:37:51,192.6032384,0.3562141559505574751540626224,191.9926272,2.8587764436821040594625500286,192.74,1797.841,192.7,329.846,-0.0967616,-0.8946880,1.8131520,0.5000055630769230769230769231
2017/6/8 9:37:57,192.4797440,8.198182142220638032436285867,191.7181952,57.615230460921843687374749499,192.74,1786.404,192.7,288.354,-0.2202560,-0.8946880,1.8131520,0.4977961717791411042944785276
2017/6/8 9:38:02,192.4660224,5.7034898228353473781770220654,192.1161216,27.855153203342618384401114206,192.88,0.2,192.7,111.394,-0.2339776,-0.8946880,1.8131520,0.4955583314984709480122324159
2017/6/8 9:38:08,192.4797440,10.336838353234717519158795224,191.7936640,8.227508495796816311929887319,192.7,257.906,192.5,50,-0.0202560,-0.8946880,1.8131520,0.4939857268292682926829268293
2017/6/8 9:38:14,192.4660224,6.4164260506897658004491498235,191.8348288,2.86112799971388720002861128,192.7,276.399,192.5,50,-0.0339776,-0.8946880,1.8131520,0.4923809750759878419452887538
2017/6/8 9:38:19,192.4660224,16.041065126724414501122874559,191.8485504,2.8609233630154132246182455387,192,596.754,191.77,1.549,0.6960224,-0.8946880,1.8131520,0.4929980703030303030303030303
2017/6/8 9:38:25,192.445440,6.0606060606060606060606060606,191.8622720,10.370105489004112283211156803,192,583.905,191.77,1.539,0.675440,-0.8946880,1.8131520,0.4935492543806646525679758308
2017/6/8 9:38:31,192.445440,9.982174688057040998217468806,191.8622720,10.370105489004112283211156803,192,227.365,191.77,1.489,0.675440,-0.8946880,1.8131520,0.4940971180722891566265060241
2017/6/8 9:38:36,192.445440,27.450980392156862745098039216,191.8554112,107.28078958661135745959090259,192,257.563,191.65,50.649,0.795440,-0.8946880,1.8131520,0.4950020516516516516516516517
2017/6/8 9:38:42,192.445440,27.450980392156862745098039216,191.8622720,6.0790273556231003039513677812,192,163.019,191.6,317.692,0.845440,-0.8946880,1.8131520,0.4960512670658682634730538922
2017/6/8 9:38:48,192.4385792,8.912973724553460016399871653,191.622144,8.234872896527031865377730039,192,170.883,191.61,13.548,0.8285792,-0.8946880,1.8131520,0.4970438877611940298507462687
2017/6/8 9:38:53,192.4248576,4.2785324633650657824366242379,191.622144,6.4446831364124597207303974221,192,20.462,191.61,13.548,0.8148576,-0.8946880,1.8131520,0.4979897619047619047619047619
2017/6/8 9:38:59,192.4179968,32.090137631034728660058475362,191.759360,51.878354203935599284436493739,191.6,136.165,191.5,134.11,0.9179968,-0.8946880,1.8131520,0.4992360735905044510385756677
2017/6/8 9:39:05,192.4111360,15.689071135674808343733285791,191.759360,6.4400715563506261180679785331,191.6,134.377,191.5,134.11,0.9111360,-0.8946880,1.8131520,0.5004547124260355029585798817
2017/6/8 9:39:10,192.3905536,7.1321589045003922687397475216,191.759360,6.4400715563506261180679785331,192.69,102.362,191.66,23.723,0.7305536,-0.8946880,1.8131520,0.5011334702064896755162241888
2017/6/8 9:39:16,191.6290048,16.827181268125022376570835273,191.4986496,5.3740326741186586414445399828,192.5,12.598,191.66,23.723,-0.0309952,-0.8946880,1.8131520,0.4995683858823529411764705882
2017/6/8 9:39:21,191.6290048,7.1605026672872435644982277756,191.1213056,8.974404996948702301037441218,192.49,90,191.66,23.723,-0.0309952,-0.8946880,1.8131520,0.4980124809384164222873900293
2017/6/8 9:39:27,191.6290048,7.1605026672872435644982277756,191.141888,113.06532663316582914572864322,192.49,89.9,191.66,4.373,-0.0309952,-0.8946880,1.8131520,0.4964656748538011695906432749
2017/6/8 9:39:33,191.6290048,7.1605026672872435644982277756,191.1487488,3.5892466171350633502027924339,191.6,11.247,191.5,233.49,0.1290048,-0.8946880,1.8131520,0.4953943603498542274052478134
2017/6/8 9:39:38,191.6290048,7.1605026672872435644982277756,191.1487488,3.5892466171350633502027924339,192.49,111.7,191.66,3,-0.0309952,-0.8946880,1.8131520,0.4938641581395348837209302326
2017/6/8 9:39:44,191.6290048,7.1605026672872435644982277756,191.1487488,3.5892466171350633502027924339,192.49,111.5,191.5,148.082,0.1290048,-0.8946880,1.8131520,0.492806594782608695652173913
2017/6/8 9:39:51,191.141888,11.844938980617372577171572146,190.8262912,8.988279283813906665707916876,191.6,18.936,191.51,36,-0.368112,-0.8946880,1.8131520,0.4903183907514450867052023121
2017/6/8 9:39:56,190.9909504,0.3592212084201451253682017386,190.8331520,107.85547366528851339205464677,192,48.277,191.6,1.916,-0.6090496,-0.8946880,1.8131520,0.4871501832853025936599423631
2017/6/8 9:40:02,191.347712,1.0756543564001434205808533525,190.8468736,3.5949239673580903763885393824,192,47.847,191.6,10,-0.252288,-0.8946880,1.8131520,0.4850253609195402298850574713
2017/6/8 9:40:08,191.347712,1.0756543564001434205808533525,190.8468736,3.5949239673580903763885393824,192,35.332,191.6,114.59,-0.252288,-0.8946880,1.8131520,0.4829127151862464183381088825
2017/6/8 9:40:13,191.347712,1.0756543564001434205808533525,190.8468736,3.5949239673580903763885393824,192,25.991,191.6,114.63,-0.252288,-0.8946880,1.8131520,0.4808121417142857142857142857
2017/6/8 9:40:19,191.347712,1.0756543564001434205808533525,190.8468736,3.5949239673580903763885393824,192,8.15,191.6,25.83,-0.252288,-0.8946880,1.8131520,0.4787235373219373219373219373
2017/6/8 9:40:24,191.347712,1.0756543564001434205808533525,190.8537344,8.986986843051261772952764397,192,108.15,191.61,44,-0.262288,-0.8946880,1.8131520,0.4766183909090909090909090909
2017/6/8 9:40:30,191.347712,1.0756543564001434205808533525,190.8537344,8.986986843051261772952764397,192,108.15,191.61,44,-0.262288,-0.8946880,1.8131520,0.4745251716713881019830028329
2017/6/8 9:40:36,191.347712,1.0756543564001434205808533525,190.8537344,8.986986843051261772952764397,192,102.59,191.62,34,-0.272288,-0.8946880,1.8131520,0.4724155299435028248587570621
2017/6/8 9:40:42,191.347712,1.0756543564001434205808533525,190.867456,5.3918044572250179726815240834,192,94.666,191.62,34.66,-0.272288,-0.8946880,1.8131520,0.4703177735211267605633802817
2017/6/8 9:40:47,191.347712,1.0756543564001434205808533525,190.8880384,107.82446177622830032706753405,192,87.636,191.5,142.747,-0.152288,-0.8946880,1.8131520,0.4685688808988764044943820225
2017/6/8 9:40:53,191.347712,1.0756543564001434205808533525,190.9086208,5.3906418457557679867749586717,192,87.846,191.5,160.277,-0.152288,-0.8946880,1.8131520,0.4668297859943977591036414566
2017/6/8 9:40:58,191.347712,1.0756543564001434205808533525,190.9154816,3.5936320839472454810076544363,192,44.871,191.5,160.207,-0.152288,-0.8946880,1.8131520,0.4651004067039106145251396648
2017/6/8 9:41:04,191.347712,1.0756543564001434205808533525,190.9154816,3.5936320839472454810076544363,192,49.797,191.5,160.267,-0.152288,-0.8946880,1.8131520,0.4633806618384401114206128134
2017/6/8 9:41:10,191.347712,1.0756543564001434205808533525,190.9154816,3.5936320839472454810076544363,192,11.66,191.5,150.267,-0.152288,-0.8946880,1.8131520,0.4616704711111111111111111111
2017/6/8 9:41:15,191.347712,1.0756543564001434205808533525,190.9154816,3.5936320839472454810076544363,192.49,111.5,192,93.17,-0.652288,-0.8946880,1.8131520,0.458584713573407202216066482
2017/6/8 9:41:21,191.347712,1.0756543564001434205808533525,190.9154816,3.5936320839472454810076544363,192,20.14,191.5,149.647,-0.152288,-0.8946880,1.8131520,0.4568972198895027624309392265
2017/6/8 9:41:27,191.347712,1.0756543564001434205808533525,190.9154816,3.5936320839472454810076544363,192,8.742,191.51,153.198,-0.162288,-0.8946880,1.8131520,0.45519147548209366391184573
2017/6/8 9:41:32,191.347712,1.0756543564001434205808533525,190.9154816,3.5936320839472454810076544363,192.49,111.5,192,3.322,-0.652288,-0.8946880,1.8131520,0.4521489494505494505494505495
2017/6/8 9:41:38,191.5398144,44.41578909664016046994770399,190.9223424,11.858559724018973695558430358,192.49,111.5,192,4.032,-0.4601856,-0.8946880,1.8131520,0.449649402739726027397260274
2017/6/8 9:41:44,191.5398144,5.0146858657496955369295794828,190.9223424,15.811412965358631594077907144,192.49,111.5,192,200.032,-0.4601856,-0.8946880,1.8131520,0.4471635147540983606557377049
2017/6/8 9:41:49,191.6084224,4.6548266972214265253509023203,191.3271296,15.060781009072327607845949726,192.49,19.9,192.01,15.07,-0.4015776,-0.8946880,1.8131520,0.4448508686648501362397820163
2017/6/8 9:41:55,191.690752,25.769506084466714387974230494,190.9497856,2.8743891922966369646450129348,192.49,18.62,192,154.153,-0.309248,-0.8946880,1.8131520,0.4428016869565217391304347826
2017/6/8 9:42:00,191.6838912,6.0846844912129997494541680089,191.0115328,5.3877375094285406414999461226,192.66,452.42,192.5,0.06,-0.8161088,-0.8946880,1.8131520,0.4393900054200542005420054201
2017/6/8 9:42:06,191.4986496,365.07595299512754370879908283,191.0321152,1.4365752047119666714552506824,192.7,16,192,137.873,-0.5013504,-0.8946880,1.8131520,0.4368474637837837837837837838
2017/6/8 9:42:12,191.4917888,3.5828168105764752248217548637,191.0252544,1.4366268002729590920518622275,192.7,16,192.1,60,-0.6082112,-0.8946880,1.8131520,0.4340305940700808625336927224
2017/6/8 9:42:17,191.004672,2.5143678160919540229885057471,190.6753536,107.94473229706390328151986183,192.7,16,192.1,43.758,-1.095328,-1.095328,1.8131520,0.4299194150537634408602150538
2017/6/8 9:42:23,191.1899136,8.253489790791976172533821366,190.6822144,9.354873529305940344691109272,192.69,146.5,191.51,79.623,-0.3200864,-1.095328,1.8131520,0.4279086756032171581769436997
2017/6/8 9:42:29,191.4094592,1.7921789311444854654288684182,190.6959360,2.8782155063860406547940277028,192.51,218.88,191.51,79.623,-0.1005408,-1.095328,1.8131520,0.4264957090909090909090909091
2017/6/8 9:42:34,191.4917888,26.871126079323564186163161478,190.8057088,5.3935493150192369925569019453,192.51,204.18,191.51,33.793,-0.0182112,-1.095328,1.8131520,0.425309824
2017/6/8 9:42:40,191.484928,20.064493013256897169473307058,190.8811776,1.0782833728703903385809790813,192.51,105.85,191.52,216.62,-0.035072,-1.095328,1.8131520,0.4240854042553191489361702128
2017/6/8 9:42:46,191.1830528,18.660733510371061508648532262,190.9909504,44.184208635677850420288813852,192.5,146.5,191.6,2,-0.4169472,-1.095328,1.8131520,0.4218545485411140583554376658
2017/6/8 9:42:51,191.1830528,5.0240436374075934830976817627,190.9909504,44.184208635677850420288813852,192.5,148.5,191.52,143.68,-0.3369472,-1.095328,1.8131520,0.4198471365079365079365079365
2017/6/8 9:42:57,191.3545728,18.285468430676562331935032806,190.9909504,44.184208635677850420288813852,192.5,137.82,191.55,53.18,-0.1954272,-1.095328,1.8131520,0.4182237213720316622691292876
2017/6/8 9:43:02,191.347712,22.947292936536392972391538186,190.9909504,24.786263380990013650405919966,192.5,257.579,191.1,2175.09,0.247712,-1.095328,1.8131520,0.4177750063157894736842105263
2017/6/8 9:43:08,191.4986496,260.81971911722556606477500717,191.347712,1.4342058085335245607744711366,192.5,257.579,191.53,5,-0.0313504,-1.095328,1.8131520,0.4165961994750656167979002625
2017/6/8 9:43:14,191.4986496,229.29206076239610203496703927,190.9909504,7.9028665852431927581004382499,192.35,68.791,191.1,2175.68,0.3986496,-1.095328,1.8131520,0.4165492188481675392670157068
2017/6/8 9:43:19,191.347712,5.7368232341340982430978845464,190.7508224,5.7547746646045390785167068302,192.35,68.791,191.11,193.37,0.237712,-1.095328,1.8131520,0.4160822809399477806788511749
2017/6/8 9:43:25,191.347712,0.7171029042667622803872355683,190.7576832,5.3949072075960293482952093224,192.35,68.791,191.2,268.11,0.147712,-1.095328,1.8131520,0.4153834
2017/6/8 9:43:31,191.347712,5.3782717820007171029042667623,190.7576832,1.4386419220256078262120558193,192.35,42.891,191.3,194.68,0.047712,-1.095328,1.8131520,0.4144284093506493506493506494
2017/6/8 9:43:36,191.347712,5.3782717820007171029042667623,190.7576832,1.4386419220256078262120558193,192.35,42.891,191.5,14.41,-0.152288,-1.095328,1.8131520,0.4129602321243523316062176166
2017/6/8 9:43:42,191.347712,5.3782717820007171029042667623,190.7576832,1.4386419220256078262120558193,192.35,42.891,191.3,80.03,0.047712,-1.095328,1.8131520,0.4120164382428940568475452196
2017/6/8 9:43:48,191.347712,0.7171029042667622803872355683,190.7576832,1.4386419220256078262120558193,192.2,80.1,191.5,1.68,-0.152288,-1.095328,1.8131520,0.4105620453608247422680412371
2017/6/8 9:43:53,191.4917888,1.0748450431729425674465264591,190.7576832,6.8335491296216371745072651417,192.2,80.1,191.5,1.68,-0.0082112,-1.095328,1.8131520,0.409485507455012853470437018
2017/6/8 9:43:59,191.6152832,7.5190662035876687314261162233,191.4986496,4.6574949842361708225852679851,192.2,80.1,192,158,-0.3847168,-1.095328,1.8131520,0.4074490912820512820512820513
2017/6/8 9:44:04,191.4917888,8.240478664325893017090036186,191.1624704,0.7177977963607651724509205757,192.2,80,192,158,-0.5082112,-1.095328,1.8131520,0.4051072491048593350383631714
2017/6/8 9:44:10,191.8897152,8.58092888555186098895205406,191.1624704,3.2300900836234432760291425905,192.2,54.389,192,158,-0.1102848,-1.095328,1.8131520,0.4037924734693877551020408163
2017/6/8 9:44:16,191.8897152,8.58092888555186098895205406,191.1693312,5.3832902670111972437553832903,192.2,34.545,192,173.77,-0.1102848,-1.095328,1.8131520,0.4024843888040712468193384224
2017/6/8 9:44:21,191.8897152,8.223390181987200114412385141,191.1830528,6.1006244168520778009043278547,192.2,915.405,192,158.53,-0.1102848,-1.095328,1.8131520,0.4011829441624365482233502538
2017/6/8 9:44:27,191.8897152,8.223390181987200114412385141,191.1967744,13.276876704463901248744079231,192.2,915.405,192,158.53,-0.1102848,-1.095328,1.8131520,0.3998880891139240506329113924
2017/6/8 9:44:33,191.8897152,7.8658514784225392398727162215,191.1967744,13.635711209989952633845270561,192,33.615,191.51,11.39,0.3797152,-1.095328,1.8131520,0.3998371474747474747474747475
2017/6/8 9:44:38,191.8828544,8.581235697940503432494279176,191.1967744,2.8706760442084110808095306445,192.19,42.891,192,58.806,-0.1171456,-1.095328,1.8131520,0.3985349239294710327455919395
2017/6/8 9:44:44,191.8828544,3.5755148741418764302059496568,191.1967744,3.5883450552605138510119133056,192.19,42.891,192,0.006,-0.1171456,-1.095328,1.8131520,0.3972392442211055276381909548
2017/6/8 9:44:50,191.8828544,3.5755148741418764302059496568,191.1967744,3.5883450552605138510119133056,192.19,42.891,192,0.006,-0.1171456,-1.095328,1.8131520,0.3959500591478696741854636591
2017/6/8 9:44:55,191.8828544,3.5755148741418764302059496568,191.1967744,3.5883450552605138510119133056,192,11.074,191.51,10.71,0.3728544,-1.095328,1.8131520,0.39589232
2017/6/8 9:45:01,191.8828544,3.5755148741418764302059496568,191.2036352,18.658724747927805088090710108,192.1,3.319,191.51,10.71,0.3728544,-1.095328,1.8131520,0.3958348688279301745635910224
2017/6/8 9:45:07,191.8828544,3.5755148741418764302059496568,191.2173568,6.0995299773958594955329912813,192.17,0.478,192,5,-0.1171456,-1.095328,1.8131520,0.3945587980099502487562189055
2017/6/8 9:45:12,191.8828544,3.5755148741418764302059496568,191.2242176,3.2290470723306544202066590126,192.05,0.637,191.51,10.71,0.3728544,-1.095328,1.8131520,0.3945049409429280397022332506
2017/6/8 9:45:18,191.8828544,3.5755148741418764302059496568,191.2242176,0.3587830080367393800229621125,192.48,5,191.51,10.71,0.3728544,-1.095328,1.8131520,0.3944513504950495049504950495
2017/6/8 9:45:24,191.8828544,3.5755148741418764302059496568,191.2242176,0.3587830080367393800229621125,192.48,5,192.1,367.14,-0.2171456,-1.095328,1.8131520,0.3929412345679012345679012346
2017/6/8 9:45:29,191.8828544,3.5755148741418764302059496568,191.2242176,0.3587830080367393800229621125,192.48,5,192.1,363.784,-0.2171456,-1.095328,1.8131520,0.3914385576354679802955665025
2017/6/8 9:45:35,191.8828544,3.5755148741418764302059496568,191.2379392,10.403960680203774126426060128,192.48,5,192,129.71,-0.1171456,-1.095328,1.8131520,0.3901889651105651105651105651
2017/6/8 9:45:41,191.9583232,3.2166982379641874262839987133,191.2585216,17.218495533952720881013021487,192.48,5,192.1,0.002,-0.1416768,-1.095328,1.8131520,0.3888853725490196078431372549
2017/6/8 9:45:46,191.9583232,3.2166982379641874262839987133,191.279104,10.401721664275466284074605452,192.48,5,192,129.71,-0.0416768,-1.095328,1.8131520,0.3878326533007334963325183374
2017/6/8 9:45:52,192.1641472,6.4265057660037844978399800064,191.3271296,9.323340624663821852476064116,192.48,5,192,140.78,0.1641472,-1.095328,1.8131520,0.3872870790243902439024390244
2017/6/8 9:45:57,192.1641472,6.4265057660037844978399800064,191.3751552,5.3775005377500537750053775005,192.48,5,192,61.07,0.1641472,-1.095328,1.8131520,0.3867441596107055961070559611
2017/6/8 9:46:03,192.1641472,3.5702809811132136099111000036,191.4025984,16.847085812603053982364327192,192.48,5,192,161.07,0.1641472,-1.095328,1.8131520,0.3862038757281553398058252427
2017/6/8 9:46:09,192.1572864,3.2133676092544987146529562982,191.4025984,0.7168972686214065524410351997,192.48,5,192.1,84.87,0.0572864,-1.095328,1.8131520,0.3854074653753026634382566586
2017/6/8 9:46:14,192.1572864,3.2133676092544987146529562982,191.4025984,0.7168972686214065524410351997,192.48,5,192.1,285.778,0.0572864,-1.095328,1.8131520,0.3846149024154589371980676329
2017/6/8 9:46:20,192.0955392,0.3571556127004535876281295761,191.4094592,2.8674862898311767446861894692,192.49,17.736,191.5,4.085,0.5955392,-1.095328,1.8131520,0.3851231537349397590361445783
2017/6/8 9:46:26,192.0818176,1.0715433796478194092224166875,191.4094592,2.5090505036022796516004157855,192.1,11.16,191.5,4.085,0.5818176,-1.095328,1.8131520,0.3855959769230769230769230769
2017/6/8 9:46:31,192.0749568,5.7151021574510644377768252608,191.4094592,2.5090505036022796516004157855,192.49,17.308,191.5,4.085,0.5749568,-1.095328,1.8131520,0.3860500796163069544364508393
2017/6/8 9:46:37,192.0680960,0.7144132880871584211466333274,191.4094592,2.5090505036022796516004157855,192.49,17.308,191.5,4.085,0.5680960,-1.095328,1.8131520,0.3864855961722488038277511962
2017/6/8 9:46:43,192.0886784,3.2145153225230373598114151011,191.4094592,2.5090505036022796516004157855,192.49,17.308,191.5,4.085,0.5886784,-1.095328,1.8131520,0.3869681565632458233890214797
2017/6/8 9:46:48,192.0680960,178.60332202178960528665833184,191.4231808,0.7168201856564280850148740189,192.49,22.308,191.51,306.398,0.5580960,-1.095328,1.8131520,0.3873756038095238095238095238
2017/6/8 9:46:54,192.0612352,3.5721940415803386439951418161,191.5603968,5.7304537803087281974141327316,192.49,22.308,191.51,307.368,0.5512352,-1.095328,1.8131520,0.3877648190023752969121140143
2017/6/8 9:47:00,192.0612352,7.8588268914767450167893119954,191.4094592,2.1506147173733825585146421019,192.49,22.308,191.52,368.67,0.5412352,-1.095328,1.8131520,0.388128492890995260663507109
2017/6/8 9:47:05,192.0543744,7.5018754688672168042010502626,191.4094592,2.5090505036022796516004157855,192.49,22.308,191.66,100,0.3943744,-1.095328,1.8131520,0.3881432586288416075650118203
2017/6/8 9:47:11,192.0543744,8.216339799235523166505912192,191.7319168,2.5048307450082301581621698991,192.45,881.86,191.66,100.48,0.3943744,-1.095328,1.8131520,0.3881579547169811320754716981
2017/6/8 9:47:17,191.7319168,0.3578329635726043083088814142,191.4369024,5.7341504497724259040246568469,192.4,17.308,191.66,100.48,0.0719168,-1.095328,1.8131520,0.3874138578823529411764705882
2017/6/8 9:47:22,191.7319168,0.3578329635726043083088814142,191.4369024,8.959610077769415475038526323,192.4,80.148,191.66,100.48,0.0719168,-1.095328,1.8131520,0.3866732544600938967136150235
2017/6/8 9:47:28,192.0543744,5.0012503125781445361340335084,191.4437632,10.034403669724770642201834862,192.4,67.158,191.7,211,0.3543744,-1.095328,1.8131520,0.3865976131147540983606557377
2017/6/8 9:47:34,192.0543744,5.0012503125781445361340335084,191.4369024,9.317994480880192094040067376,192.4,67.158,191.7,211,0.3543744,-1.095328,1.8131520,0.3865223252336448598130841121
2017/6/8 9:47:39,192.0543744,5.0012503125781445361340335084,191.4369024,9.317994480880192094040067376,192.4,60.25,191.71,176.9,0.3443744,-1.095328,1.8131520,0.3864240783216783216783216783
2017/6/8 9:47:45,192.0543744,5.0012503125781445361340335084,191.4369024,9.317994480880192094040067376,192.4,60.25,191.71,177.49,0.3443744,-1.095328,1.8131520,0.3863262883720930232558139535
2017/6/8 9:47:51,192.0543744,5.0012503125781445361340335084,191.4369024,9.317994480880192094040067376,192.4,60.25,191.8,63.98,0.2543744,-1.095328,1.8131520,0.386020135498839907192575406
2017/6/8 9:47:56,192.0543744,5.0012503125781445361340335084,191.4369024,9.317994480880192094040067376,192.4,35.25,191.8,149.68,0.2543744,-1.095328,1.8131520,0.3857154
2017/6/8 9:48:02,192.0543744,5.0012503125781445361340335084,191.7662208,5.3665342921541268648706665236,192.44,15.193,192.4,16.52,-0.3456256,-1.095328,1.8131520,0.3840263907621247113163972286
2017/6/8 9:48:07,192.0543744,0.7144643303683063623048619298,191.7799424,5.3661503237577362000500840697,192.44,15.193,192.4,1.52,-0.3456256,-1.095328,1.8131520,0.3823451649769585253456221198
2017/6/8 9:48:13,192.1024,39.285714285714285714285714286,191.7662208,6.0820721977746771135200887267,192.44,13.103,192.4,7.339,-0.2976,-1.095328,1.8131520,0.3807820726436781609195402299
2017/6/8 9:48:19,192.1024,39.285714285714285714285714286,191.7662208,6.0820721977746771135200887267,192.5,288.213,192.4,14.363,-0.2976,-1.095328,1.8131520,0.3792261504587155963302752294
2017/6/8 9:48:24,192.1024,39.285714285714285714285714286,191.7730816,8.943903835145964510589582141,192.5,278.111,192.4,3.38,-0.2976,-1.095328,1.8131520,0.3776773491990846681922196796
2017/6/8 9:48:30,192.1024,35.714285714285714285714285714,191.7730816,9.301659988551803091013165426,192.5,28.713,192.4,3.94,-0.2976,-1.095328,1.8131520,0.3761356200913242009132420091
2017/6/8 9:48:36,192.1024,35.714285714285714285714285714,191.7936640,0.715435521373636201037381506,192.51,134.18,192.5,13.559,-0.3976,-1.095328,1.8131520,0.3743731243735763097949886105
2017/6/8 9:48:41,192.1024,35.714285714285714285714285714,191.7936640,5.3657664103022715077803612949,192.51,134.18,192.5,25.79,-0.3976,-1.095328,1.8131520,0.37261864
2017/6/8 9:48:47,192.2053120,2.1417097983223273246475102624,192.1984512,23.559648747055043906618119512,192.9,292.523,192.8,3199.311,-0.5946880,-1.095328,1.8131520,0.3704252009070294784580498866
2017/6/8 9:48:52,192.2945024,3.5678607107178535749964321393,191.827968,13.590844062947067238912732475,192.9,275.641,192.8,3203.411,-0.5054976,-1.095328,1.8131520,0.3684434751131221719457013575
2017/6/8 9:48:58,192.1024,30,191.9240192,6.0770715664545649531708014585,193.2,100,193,16.879,-0.8976,-1.095328,1.8131520,0.3655855891647855530474040632
2017/6/8 9:49:04,192.3013632,4.2812801027507224660173391844,192.1024,3.2142857142857142857142857143,193.3,84.94,193.2,323,-0.8986368,-1.095328,1.8131520,0.3627382414414414414414414414
2017/6/8 9:49:09,192.5277696,3.2071840923669018601667735728,192.3974144,10.341261633919338159255429162,193.43,0.1,193.3,41.39,-0.7722304,-1.095328,1.8131520,0.3601877501123595505617977528
2017/6/8 9:49:15,192.1024,35.714285714285714285714285714,191.9446016,12.152839832719734067269542839,193.49,3.86,193.2,178.32,-1.0976,-1.0976,1.8131520,0.3569191677130044843049327354
2017/6/8 9:49:21,192.1024,11.785714285714285714285714286,191.9446016,5.3615469850234120885012688995,193.9,67.838,193.5,50,-1.3976,-1.3976,1.8131520,0.3529940689038031319910514541
2017/6/8 9:49:26,192.1024,11.785714285714285714285714286,191.9446016,3.5743646566822747256675125996,193.7,0.1,193.5,50,-1.3976,-1.3976,1.8131520,0.3490864928571428571428571429
2017/6/8 9:49:32,192.1024,11.785714285714285714285714286,191.8073856,3.5769217011839610830918911185,193.5,227.35,193.49,500,-1.3876,-1.3976,1.8131520,0.3452185942093541202672605791
2017/6/8 9:49:37,192.3905536,17.830397261250980671849368804,191.827968,0.3576537911301859799713876967,193.5,181.51,193.49,349.44,-1.0994464,-1.3976,1.8131520,0.3420082275555555555555555556
2017/6/8 9:49:43,192.3905536,14.264317809000784537479495043,191.9583232,5.7185746452696665356159977126,193.5,30.75,193.49,349.44,-1.0994464,-1.3976,1.8131520,0.338812097560975609756097561
2017/6/8 9:49:49,192.3905536,10.698238356750588403109621282,192.1778688,3.570026061190246688800828246,193.5,181.595,193.49,154.44,-1.0994464,-1.3976,1.8131520,0.3356301097345132743362831858
2017/6/8 9:49:54,192.3905536,7.1321589045003922687397475216,192.1778688,3.570026061190246688800828246,193.5,181.595,193.49,58.89,-1.0994464,-1.3976,1.8131520,0.3324621704194260485651214128
2017/6/8 9:50:00,192.3905536,3.5660794522501961343698737608,192.1778688,3.570026061190246688800828246,193.49,154.995,193.2,140.12,-0.8094464,-1.3976,1.8131520,0.3299469533039647577092511013
2017/6/8 9:50:06,192.3905536,3.5660794522501961343698737608,192.1778688,3.570026061190246688800828246,193.4,9.98,193.2,140.12,-0.8094464,-1.3976,1.8131520,0.3274427920879120879120879121
2017/6/8 9:50:11,192.6032384,3.5621415595055747515406262245,192.3974144,0.3565952287558392468708768677,193.4,0.01,193.2,144.18,-0.5967616,-1.3976,1.8131520,0.3254160280701754385964912281
2017/6/8 9:50:17,192.6032384,3.5621415595055747515406262245,192.3974144,3.5659522875583924687087686767,193.2,21.015,193,1076.109,-0.3967616,-1.3976,1.8131520,0.323835770678336980306345733
2017/6/8 9:50:22,192.6100992,4.6306190781506019804801595783,192.3974144,3.9225475163142317155796455443,193.48,43.072,193,1065.059,-0.3899008,-1.3976,1.8131520,0.322277393886462882096069869
2017/6/8 9:50:28,192.6100992,4.6306190781506019804801595783,192.3974144,3.9225475163142317155796455443,193.49,114.86,193,1064.999,-0.3899008,-1.3976,1.8131520,0.3207258074074074074074074074
2017/6/8 9:50:34,192.6100992,4.6306190781506019804801595783,192.3974144,3.9225475163142317155796455443,193.4,34.28,193,1064.969,-0.3899008,-1.3976,1.8131520,0.3191809669565217391304347826
2017/6/8 9:50:39,192.3974144,4.279142745070070962450522412,192.1024,14.285714285714285714285714286,193.4,34.28,193.36,1.66,-0.9625856,-1.3976,1.8131520,0.31640056225596529284164859
2017/6/8 9:50:45,192.3974144,3.9225475163142317155796455443,192.1092608,2.1427806149780364986964751259,193.49,116.01,193.4,586.3,-1.0025856,-1.3976,1.8131520,0.3135456138528138528138528139
2017/6/8 9:50:51,192.6032384,3.5621415595055747515406262245,192.1092608,2.1427806149780364986964751259,193.48,65.703,193.4,566.3,-0.7967616,-1.3976,1.8131520,0.3111475421166306695464362851
2017/6/8 9:50:56,192.5963776,2.8498147620404673696209746366,192.1092608,2.1427806149780364986964751259,193.49,46.073,193.4,561.3,-0.8036224,-1.3976,1.8131520,0.3087450206896551724137931034
2017/6/8 9:51:02,192.5963776,2.4935879167854089484183528071,191.8691328,8.224272330687263105199170421,193.49,44.923,193.4,561.3,-0.8036224,-1.3976,1.8131520,0.3063528326881720430107526882
2017/6/8 9:51:07,192.5963776,2.1373610715303505272157309775,192.0818176,5.3577168982390970461120834375,193.49,41.923,193.4,570.15,-0.8036224,-1.3976,1.8131520,0.3039709115879828326180257511
2017/6/8 9:51:13,192.6032384,3.5621415595055747515406262245,191.8897152,2.8603096285172869963173513533,193.49,0.003,193.4,308.75,-0.7967616,-1.3976,1.8131520,0.3016138826552462526766595289
2017/6/8 9:51:19,192.6032384,3.5621415595055747515406262245,192.0680960,5.3580996606536881585997499553,193,96.639,192.6,10.046,0.0032384,-1.3976,1.8131520,0.3009763282051282051282051282
2017/6/8 9:51:24,192.6032384,3.5621415595055747515406262245,192.0680960,5.3580996606536881585997499553,193,52.23,192.6,10.046,0.0032384,-1.3976,1.8131520,0.3003414925373134328358208955
2017/6/8 9:51:30,192.3356672,2.8536776771063708354141399729,192.0680960,5.3580996606536881585997499553,193.5,257.815,193,224.971,-0.6643328,-1.3976,1.8131520,0.2982889940425531914893617021
2017/6/8 9:51:36,192.3356672,0.3567097096382963544267674966,191.8691328,4.6485017521275834942430093685,193.3,1.13,193,221.081,-0.6643328,-1.3976,1.8131520,0.2962452110403397027600849257
2017/6/8 9:51:41,192.1024,35.714285714285714285714285714,191.8622720,2.8607187555873413195065260147,193.49,46.708,193,215.62,-0.8976,-1.3976,1.8131520,0.2937158779661016949152542373
2017/6/8 9:51:47,192.514048,4.9893086243763364219529579473,192.1024,3.5714285714285714285714285714,193.49,46.708,193,215.66,-0.485952,-1.3976,1.8131520,0.2920675315010570824524312896
2017/6/8 9:51:52,192.514048,4.9893086243763364219529579473,191.8142464,13.591816295872379998569282495,193.5,208.111,193,65.64,-0.485952,-1.3976,1.8131520,0.2904261400843881856540084388
2017/6/8 9:51:58,192.514048,4.9893086243763364219529579473,191.8691328,13.587928198526782521633412,193.4,137.456,193.2,5.529,-0.685952,-1.3976,1.8131520,0.2883706071578947368421052632
2017/6/8 9:52:04,192.514048,4.6329294369208838203848895225,191.8348288,5.36461499946353850005364615,193.4,0.006,193.2,102.532,-0.685952,-1.3976,1.8131520,0.2863237109243697478991596639
2017/6/8 9:52:09,192.1024,26.071428571428571428571428571,191.8622720,5.3638476667262649740747362775,193.4,0.006,193.2,102.532,-1.0976,-1.3976,1.8131520,0.2834224033542976939203354298
2017/6/8 9:52:15,192.514048,23.877405559515324305060584462,191.8554112,5.0064368473751966814475754542,193.5,344.851,193.4,0.754,-0.885952,-1.3976,1.8131520,0.2809760133891213389121338912
2017/6/8 9:52:21,192.514048,4.2765502494654312188168210976,191.8759936,5.3634640826688597275360246004,193.4,39.996,193.2,2.532,-0.685952,-1.3976,1.8131520,0.2789573745302713987473903967
2017/6/8 9:52:26,192.514048,4.2765502494654312188168210976,191.8622720,24.316109422492401215805471125,193.5,344.851,193.4,45.714,-0.885952,-1.3976,1.8131520,0.27653048
2017/6/8 9:52:32,192.514048,4.2765502494654312188168210976,191.9034368,5.3626970791176575739158414072,193.5,358.456,193.4,45.714,-0.885952,-1.3976,1.8131520,0.2741136765072765072765072765
2017/6/8 9:52:38,192.514048,4.2765502494654312188168210976,191.8691328,13.230351140670814560537795895,193.5,358.456,193.4,45.714,-0.885952,-1.3976,1.8131520,0.2717069012448132780082987552
2017/6/8 9:52:43,192.1024,35.714285714285714285714285714,191.8622720,5.3638476667262649740747362775,193.5,358.456,193.4,25.714,-1.2976,-1.3976,1.8131520,0.2684578186335403726708074534
2017/6/8 9:52:49,192.1024,35.714285714285714285714285714,191.8622720,8.939746111210441623457893796,193.5,363.456,193.4,25.714,-1.2976,-1.3976,1.8131520,0.2652221619834710743801652893
2017/6/8 9:52:55,192.5071872,4.2767026622474072490110125094,192.1092608,5.3569515374450912467411878147,193.5,174.676,193.4,25.714,-0.8928128,-1.3976,1.8131520,0.2628344610309278350515463918
2017/6/8 9:53:00,192.5003264,7.4844964003136360396321904626,191.7524992,6.7980965329707681849082256968,193.5,174.676,193.4,157.274,-0.8996736,-1.3976,1.8131520,0.2604424691358024691358024691
2017/6/8 9:53:06,192.1024,35.714285714285714285714285714,191.8691328,2.8606164628477436887649288422,193.5,124.676,193.4,150.694,-1.2976,-1.3976,1.8131520,0.2572432032854209445585215606
2017/6/8 9:53:11,192.1024,32.142857142857142857142857143,191.8622720,5.3638476667262649740747362775,193.49,2.445,193.4,150.694,-1.2976,-1.3976,1.8131520,0.2540570491803278688524590164
2017/6/8 9:53:17,192.1024,32.142857142857142857142857143,191.8622720,5.3638476667262649740747362775,193.49,0.51,193.4,150.694,-1.2976,-1.3976,1.8131520,0.2508839263803680981595092025
2017/6/8 9:53:23,192.1024,32.142857142857142857142857143,191.7799424,5.3661503237577362000500840697,193.48,32.348,193.4,150.694,-1.2976,-1.3976,1.8131520,0.2477237551020408163265306122
2017/6/8 9:53:28,192.1024,32.142857142857142857142857143,191.7730816,6.0818546078992558672009158558,193.48,30.979,193.4,140.714,-1.2976,-1.3976,1.8131520,0.2445764562118126272912423625
2017/6/8 9:53:34,192.1024,32.5,191.7868032,18.601988981898833798383057881,193.48,30.979,193.4,140.614,-1.2976,-1.3976,1.8131520,0.2414419512195121951219512195
2017/6/8 9:53:40,192.1024,32.142857142857142857142857143,191.8691328,5.3636558678395194164342415791,193.47,54.513,193.4,140.414,-1.2976,-1.3976,1.8131520,0.2383201622718052738336713996
2017/6/8 9:53:45,192.1024,32.142857142857142857142857143,191.827968,5.3648068669527896995708154506,193.47,54.513,193.4,112.554,-1.2976,-1.3976,1.8131520,0.2352110121457489878542510121
2017/6/8 9:53:51,192.1024,31.785714285714285714285714286,191.827968,5.7224606580829756795422031474,193.47,2.913,193.4,113.084,-1.2976,-1.3976,1.8131520,0.2321144242424242424242424242
2017/6/8 9:53:57,192.4866048,3.9207299686341602509267179926,192.1024,16.428571428571428571428571429,193.47,2.913,193.4,89.044,-0.9133952,-1.3976,1.8131520,0.2298049290322580645161290323
2017/6/8 9:54:02,192.4934656,3.5641729336707417043874968813,192.1298432,0.7141836880445650621339808599,193.4,10.956,193.2,54.552,-0.7065344,-1.3976,1.8131520,0.2279209464788732394366197183
2017/6/8 9:54:08,192.4934656,3.5641729336707417043874968813,192.1298432,0.7141836880445650621339808599,193.49,22.929,193.4,8.524,-0.9065344,-1.3976,1.8131520,0.2256429236947791164658634538
2017/6/8 9:54:14,192.4934656,8.554015040809780090529992515,192.0543744,5.0012503125781445361340335084,193.49,22.929,193.4,4.074,-0.9065344,-1.3976,1.8131520,0.2233740312625250501002004008
2017/6/8 9:54:19,192.4934656,3.9205902270378158748262465695,192.0543744,2.8578573214732254492194477191,193.4,18.003,193.2,54.472,-0.7065344,-1.3976,1.8131520,0.2215142144
2017/6/8 9:54:25,192.4934656,3.9205902270378158748262465695,192.0543744,3.5723216518415318115243096488,193.4,18.003,193.2,54.472,-0.7065344,-1.3976,1.8131520,0.2196618219560878243512974052
2017/6/8 9:54:31,192.4934656,3.9205902270378158748262465695,192.0543744,3.5723216518415318115243096488,193.4,34.723,193.2,54.472,-0.7065344,-1.3976,1.8131520,0.2178168095617529880478087649
2017/6/8 9:54:37,192.4797440,0.3564427018356799144537515594,192.1092608,0.714260204992678832898825042,193.4,34.723,193.2,2.472,-0.7202560,-1.3976,1.8131520,0.2159518536779324055666003976
2017/6/8 9:54:42,192.6100992,4.2744176106005556742893780722,192.2670592,7.8504139309163574079360548102,193.49,22.929,193.4,5.834,-0.7899008,-1.3976,1.8131520,0.2139561142857142857142857143
2017/6/8 9:54:48,192.6100992,1.0686044026501389185723445181,192.1298432,16.426224825024996429081559777,193.5,128.181,193.49,5.115,-0.8799008,-1.3976,1.8131520,0.211790060990099009900990099
2017/6/8 9:54:53,192.7816192,3.558845510516388483575927969,192.4797440,7.4852967385492782035287827482,193.5,25.497,193.49,0.53,-0.7083808,-1.3976,1.8131520,0.2099715415019762845849802372
2017/6/8 9:54:59,192.7816192,3.558845510516388483575927969,192.4523008,7.4863641224911767851413496845,193.74,115.649,193.5,6.117,-0.7183808,-1.3976,1.8131520,0.2081404717948717948717948718
2017/6/8 9:55:05,192.7816192,0.3558845510516388483575927969,192.4523008,8.555844711418487754447256782,193.74,89.81,193,311.17,-0.2183808,-1.3976,1.8131520,0.2073008629921259842519685039
2017/6/8 9:55:10,192.925696,19.559032716927453769559032717,192.4523008,7.8428576521336137749099853838,193.8,7.436,193.74,41.725,-0.814304,-1.3976,1.8131520,0.2052937807465618860510805501
2017/6/8 9:55:16,193.0011648,146.10216487149408126266396502,192.9394176,1.0667804565820354171111585236,193.88,330.728,193.81,269.438,-0.8088352,-1.3976,1.8131520,0.2033052925490196078431372549
2017/6/8 9:55:22,193.2618752,3.1950015975007987503993751997,193.1040768,54.004121367156967242236907553,194.18,53.382,194,1228.81,-0.7381248,-1.3976,1.8131520,0.2014629636007827788649706458
2017/6/8 9:55:27,193.5294464,7.7992058990357345433919455474,193.1040768,49.030057557024088680451929226,194.33,1.316,194.3,52.608,-0.7705536,-1.3976,1.8131520,0.19956449375
2017/6/8 9:55:33,193.5294464,4.9631310266591038003403289847,193.1040768,49.030057557024088680451929226,194.5,74.6,194.49,2.926,-0.9605536,-1.3976,1.8131520,0.197303054970760233918128655
2017/6/8 9:55:39,193.9959808,389.72980619606733625689630782,193.8519040,0.3539196602371261723588745355,194.51,0.1,194.5,141.146,-0.5040192,-1.3976,1.8131520,0.1959386147859922178988326848
2017/6/8 9:55:44,193.9891200,3.8903625110521662245800176835,193.8656256,4.6006299324061294546484057048,194.7,2777.925,194.01,141.25,-0.0208800,-1.3976,1.8131520,0.1955176077669902912621359223
2017/6/8 9:55:50,193.9891200,3.536693191865605658709106985,193.8724864,2.8310566919102555028664449006,194.7,2691.458,194.01,99.72,-0.0208800,-1.3976,1.8131520,0.1950982325581395348837209302
2017/6/8 9:55:56,194.1537792,14.134775080391533269726845472,194.0097024,2.8290543885706202701746941085,194,7.373,193.9,52.45,0.2537792,-1.3976,1.8131520,0.1952117353965183752417794971
2017/6/8 9:56:01,194.6065920,282.0377225453904459721487749,194.572288,13.751763046544428772919605078,194.7,2569.914,194.5,28.308,0.1065920,-1.3976,1.8131520,0.1950406548262548262548262548
2017/6/8 9:56:07,194.5654272,4.584082654536478719277830671,194.503680,21.869488536155202821869488536,194.5,68.12,194.1,271.572,0.4654272,-1.3976,1.8131520,0.1955616308285163776493256262
2017/6/8 9:56:13,194.503680,13.403880070546737213403880071,194.0097024,4.5972133814272579390338779263,194.68,108.62,194.1,56.393,0.403680,-1.3976,1.8131520,0.1959618584615384615384615385
2017/6/8 9:56:18,194.503680,39.50617283950617283950617284,194.0097024,5.658108777141240540349388217,194.68,47.72,194.5,13.064,0.003680,-1.3976,1.8131520,0.1955927953934740882917466411
2017/6/8 9:56:24,194.4968192,4.5856996719461003915482027585,194.023424,6.3649222065063649222065063649,194.5,101.618,194.1,56.913,0.3968192,-1.3976,1.8131520,0.1959782865900383141762452107
2017/6/8 9:56:30,194.6683392,3.5243532811729047719743427081,194.0371456,1.0607453503995474153171628598,194.7,2459.216,194.68,27.01,-0.0116608,-1.3976,1.8131520,0.195581271128107074569789675
2017/6/8 9:56:35,194.6683392,3.5243532811729047719743427081,194.5105408,2.4690487108038517159888540087,194.7,2022.541,194.68,1.68,-0.0116608,-1.3976,1.8131520,0.195185770992366412213740458
2017/6/8 9:56:41,194.8947456,9.152673636779666983489984863,194.5105408,1.7636062220027512257063242919,194.68,15.406,194.6,43.45,0.2947456,-1.3976,1.8131520,0.1953754087619047619047619048
2017/6/8 9:56:47,194.8947456,9.152673636779666983489984863,194.5174016,1.763544018058690744920993228,194.6,29.94,194.5,132.375,0.3947456,-1.3976,1.8131520,0.1957544395437262357414448669
2017/6/8 9:56:52,194.8947456,9.152673636779666983489984863,194.5174016,2.8216704288939051918735891648,194.7,143.666,194.5,47.485,0.3947456,-1.3976,1.8131520,0.1961320318785578747628083491
2017/6/8 9:56:58,194.9084672,5.6320180224576718645499665599,194.5242624,0.3526963637004902479455436814,194.6,1,194,72.577,0.9084672,-1.3976,1.8131520,0.1974811515151515151515151515
2017/6/8 9:57:04,194.9016064,5.2802027597859757814700084483,194.1675008,3.8867884527048514186777852373,194.5,126.61,194,71.617,0.9016064,-1.3976,1.8131520,0.1988122011342155009451795841
2017/6/8 9:57:09,194.915328,3.167898627243928194297782471,194.84672,89.08450704225352112676056338,194.98,72.18,194.68,19,0.235328,-1.3976,1.8131520,0.1988810988679245283018867925
2017/6/8 9:57:15,195.2309248,2.8113578858588698341298847343,194.84672,3.1690140845070422535211267606,194.9,8.86,194.6,35.24,0.6309248,-1.3976,1.8131520,0.1996947404896421845574387947
2017/6/8 9:57:21,195.2172032,10.894777535671610318408659591,194.84672,3.1690140845070422535211267606,194.86,119.986,194.6,35.24,0.6172032,-1.3976,1.8131520,0.2004795308270676691729323308
2017/6/8 9:57:26,194.8398592,1.7606253741328920032395506884,194.4487936,4.5868322630724719497565450568,194.97,35.566,194.6,33.71,0.2398592,-1.3976,1.8131520,0.2005534138836772983114446529
2017/6/8 9:57:32,194.84672,35.211267605633802816901408451,194.4556544,7.7620576509190981900292841266,195,845.221,194.97,108.69,-0.12328,-1.3976,1.8131520,0.1999469842696629213483146067
2017/6/8 9:57:38,194.84672,35.211267605633802816901408451,194.6546176,31.368955308050190328492880305,195,400.994,194.97,77.273,-0.12328,-1.3976,1.8131520,0.1993428216822429906542056075
2017/6/8 9:57:43,195.1485952,3.5156799324989452960202503164,194.8535808,2.1126016689553184747015950143,195,53.429,194.97,77.273,0.1785952,-1.3976,1.8131520,0.1993041134328358208955223881
