timestamp,fask1,fask1amountltc,fbid1,fbid1amountltc,sask1,sask1amount,sbid1,sbid1amount,diff,mindiff,maxdiff,avadiff
2017/6/8 11:15:28,192.651264,0.3561253561253561253561253561,192.514048,3.563791874554526015680684248,192.2,160.017,192.15,63.884,0.501264,0.501264,0.501264,0.501264
2017/6/8 11:15:34,192.651264,0.7122507122507122507122507123,192.514048,3.563791874554526015680684248,192.2,131.527,192.15,63.884,0.501264,0.501264,0.501264,0.501264
2017/6/8 11:15:39,192.651264,0.7122507122507122507122507123,192.5003264,3.5640459049112552569677097441,192.2,104.443,192.15,44.382,0.501264,0.501264,0.501264,0.501264
2017/6/8 11:15:45,192.651264,0.3561253561253561253561253561,192.5003264,3.5640459049112552569677097441,192.2,79.679,192.15,44.382,0.501264,0.501264,0.501264,0.501264
2017/6/8 11:15:51,192.651264,0.3561253561253561253561253561,192.5003264,3.5640459049112552569677097441,192.2,64.414,192.15,23.052,0.501264,0.501264,0.501264,0.501264
2017/6/8 11:15:56,192.9668608,28.443433122377871009030790016,192.5003264,3.5640459049112552569677097441,192.2,43.239,192.15,22.802,0.8168608,0.501264,0.8168608,0.5538634666666666666666666667
2017/6/8 11:16:02,192.9531392,34.13454700611577300526240933,192.5003264,3.5640459049112552569677097441,192.7,107.68,192.11,89.038,0.8431392,0.501264,0.8431392,0.5951885714285714285714285714
2017/6/8 11:16:08,192.9394176,22.402389588222743759334328995,192.5003264,3.5640459049112552569677097441,192.7,107.68,192.11,89.038,0.8294176,0.501264,0.8431392,0.6244672
2017/6/8 11:16:13,192.9394176,1.0667804565820354171111585236,192.514048,19.957234497505345687811831789,192.7,107.68,192.11,77.188,0.8294176,0.501264,0.8431392,0.6472394666666666666666666667
2017/6/8 11:16:19,192.9874432,21.330299690710654484695509972,192.5277696,0.3563537880407668733518637303,192.7,107.68,192.15,46.78,0.8374432,0.501264,0.8431392,0.66625984
2017/6/8 11:16:25,192.9874432,18.130754737104056311991183476,192.514048,19.957234497505345687811831789,192.7,107.68,192.15,46.78,0.8374432,0.501264,0.8431392,0.6818219636363636363636363636
2017/6/8 11:16:30,192.9737216,23.109467771180716037970633199,192.5209088,3.5636648729553472791418694986,192.6,200,192.15,46.78,0.8237216,0.501264,0.8431392,0.6936469333333333333333333333
2017/6/8 11:16:36,192.9600000,19.911111111111111111111111111,192.514048,18.53171774768353528153955809,192.6,200,192.3,92.97,0.6600000,0.501264,0.8431392,0.6910587076923076923076923077
2017/6/8 11:16:42,192.9874432,33.061964520601514451278040456,192.5209088,3.5636648729553472791418694986,192.6,200,192.3,92.87,0.6874432,0.501264,0.8431392,0.6908004571428571428571428571
2017/6/8 11:16:47,192.9805824,26.66382252559726962457337884,192.5209088,8.552795695092833469940486797,192.6,200,192.3,79.83,0.6805824,0.501264,0.8431392,0.6901192533333333333333333333
2017/6/8 11:16:53,192.9805824,4.9772468714448236632536973834,192.5209088,8.552795695092833469940486797,192.6,200,192.3,79.73,0.6805824,0.501264,0.8431392,0.6895232
2017/6/8 11:16:59,192.994304,20.26306434411660149306789904,192.5209088,8.552795695092833469940486797,192.6,200,192.3,79.63,0.694304,0.501264,0.8431392,0.6898044235294117647058823529
2017/6/8 11:17:04,192.9874432,4.9770699278324860464289523268,192.5209088,8.552795695092833469940486797,192.6,152.814,192.3,79.63,0.6874432,0.501264,0.8431392,0.6896732444444444444444444444
2017/6/8 11:17:12,192.9874432,13.509189804116747840307156316,192.5620736,13.182741297609292051163287847,192.6,103.287,192.3,80.13,0.6874432,0.501264,0.8431392,0.6895558736842105263157894737
2017/6/8 11:17:17,192.994304,11.731247778172769285460362602,192.9874432,0.3555049948451775747449251662,192.6,103.287,192.3,73.062,0.694304,0.501264,0.8431392,0.68979328
2017/6/8 11:17:23,192.994304,27.728403839317454674724493423,192.9874432,0.3555049948451775747449251662,192.6,66.697,192.3,77.458,0.694304,0.501264,0.8431392,0.6900080761904761904761904762
2017/6/8 11:17:29,192.994304,11.731247778172769285460362602,192.9874432,0.3555049948451775747449251662,192.6,40.831,192.3,64.629,0.694304,0.501264,0.8431392,0.6902033454545454545454545455
2017/6/8 11:17:34,192.994304,11.731247778172769285460362602,192.9874432,0.3555049948451775747449251662,192.7,127.68,192.6,1.13,0.394304,0.394304,0.8431392,0.6773381565217391304347826087
2017/6/8 11:17:40,192.994304,11.731247778172769285460362602,192.9874432,0.3555049948451775747449251662,192.7,127.68,192.6,14.317,0.394304,0.394304,0.8431392,0.6655450666666666666666666667
2017/6/8 11:17:46,193.0011648,204.75631865202090220752906047,192.994304,11.731247778172769285460362602,192.7,127.68,192.3,56.192,0.7011648,0.394304,0.8431392,0.666969856
2017/6/8 11:17:51,193.0011648,191.24808929650563435356012939,192.994304,11.731247778172769285460362602,192.7,127.68,192.33,193.64,0.6711648,0.394304,0.8431392,0.6671312
2017/6/8 11:17:57,193.0011648,191.24808929650563435356012939,192.994304,11.731247778172769285460362602,192.7,127.68,192.33,199.978,0.6711648,0.394304,0.8431392,0.6672805925925925925925925926
2017/6/8 11:18:02,193.0011648,155.70011730830756105364188973,192.994304,11.731247778172769285460362602,192.7,127.68,192.33,206.369,0.6711648,0.394304,0.8431392,0.6674193142857142857142857143
2017/6/8 11:18:08,193.0011648,155.70011730830756105364188973,192.994304,11.731247778172769285460362602,192.6,4.59,192.34,5,0.6611648,0.394304,0.8431392,0.6672036413793103448275862069
2017/6/8 11:18:14,193.0011648,133.66037467562475560769258114,192.994304,11.731247778172769285460362602,192.6,4.59,192.34,5,0.6611648,0.394304,0.8431392,0.6670023466666666666666666667
2017/6/8 11:18:20,193.0011648,77.494578934271799793821762468,192.994304,11.731247778172769285460362602,192.6,4.59,192.5,0.1,0.5011648,0.394304,0.8431392,0.6616527483870967741935483871
2017/6/8 11:18:25,193.7901568,3.1862918643347730652127734901,193.200128,14.914772727272727272727272727,192.6,4.59,192.5,0.1,1.2901568,0.394304,1.2901568,0.6812935
2017/6/8 11:18:31,193.7901568,3.1862918643347730652127734901,193.4951424,48.57639258234939545438428536,192.6,4.59,192.5,0.1,1.2901568,0.394304,1.2901568,0.699743903030303030303030303
2017/6/8 11:18:36,193.9616768,5.6595097449683421173640833363,193.8587648,4.9546998867497168742921857305,192.6,4.59,192.5,0.1,1.4616768,0.394304,1.4616768,0.7221536941176470588235294118
2017/6/8 11:18:42,193.9616768,9.55042269463407732305189063,193.8587648,0.7078142695356738391845979615,192.5,109.501,192.34,5,1.6216768,0.394304,1.6216768,0.7478543542857142857142857143
2017/6/8 11:18:48,193.9616768,3.5371935906052138233525520852,193.8587648,0.7078142695356738391845979615,192.5,99.421,192.34,5,1.6216768,0.394304,1.6216768,0.7721272
2017/6/8 11:18:53,193.9959808,509.97312208233130570094780025,193.8587648,0.7078142695356738391845979615,192.5,39.09,192.34,5,1.6559808,0.394304,1.6559808,0.7960151351351351351351351351
2017/6/8 11:18:59,193.9891200,5.658709106984969053934571176,193.8587648,0.3539071347678369195922989807,192.7,127.68,192.5,3.026,1.4891200,0.394304,1.6559808,0.8142547368421052631578947368
2017/6/8 11:19:05,193.9891200,9.195402298850574712643678161,193.8587648,0.3539071347678369195922989807,192.7,127.68,192.5,3.026,1.4891200,0.394304,1.6559808,0.8315589743589743589743589744
2017/6/8 11:19:10,193.9891200,9.195402298850574712643678161,193.8587648,0.3539071347678369195922989807,192.7,127.68,192.5,3.026,1.4891200,0.394304,1.6559808,0.8479980
2017/6/8 11:19:16,193.9891200,9.195402298850574712643678161,193.8587648,0.3539071347678369195922989807,192.7,107.68,192.5,3.026,1.4891200,0.394304,1.6559808,0.8636351219512195121951219512
2017/6/8 11:19:22,193.9822592,10.964136662658272617952889581,193.8587648,0.3539071347678369195922989807,192.6,20,192.5,15.816,1.4822592,0.394304,1.6559808,0.8783642666666666666666666667
2017/6/8 11:19:27,193.9822592,10.964136662658272617952889581,193.4196736,41.146424517593643586833144154,192.6,20,192.5,3.026,1.4822592,0.394304,1.6559808,0.8924083348837209302325581395
2017/6/8 11:19:33,193.9822592,10.964136662658272617952889581,193.4196736,41.146424517593643586833144154,192.6,20,192.5,3.026,1.4822592,0.394304,1.6559808,0.9058140363636363636363636364
2017/6/8 11:19:39,193.9891200,14.500442086648983200707338638,193.4265344,3.5469797467456460823608697194,192.6,20,192.5,3.026,1.4891200,0.394304,1.6559808,0.9187763911111111111111111111
2017/6/8 11:19:44,193.9822592,10.964136662658272617952889581,193.4265344,3.5469797467456460823608697194,192.6,20,192.5,3.026,1.4822592,0.394304,1.6559808,0.9310260173913043478260869565
2017/6/8 11:19:50,193.9822592,10.964136662658272617952889581,193.4196736,41.146424517593643586833144154,192.7,107.68,192.6,10,1.3822592,0.394304,1.6559808,0.9406267234042553191489361702
2017/6/8 11:19:55,193.9891200,3.536693191865605658709106985,193.4265344,5.3204696201184691235413045792,192.7,54.348,192.6,11.5,1.3891200,0.394304,1.6559808,0.9499703333333333333333333333
2017/6/8 11:20:01,193.9959808,509.97312208233130570094780025,193.4265344,5.3204696201184691235413045792,192.8,74.802,192.6,11.5,1.3959808,0.394304,1.6559808,0.9590725877551020408163265306
2017/6/8 11:20:07,193.9891200,3.8903625110521662245800176835,193.4265344,0.3546979746745646082360869719,192.8,64.802,192.6,11.5,1.3891200,0.394304,1.6559808,0.967673536
2017/6/8 11:20:12,193.9891200,3.536693191865605658709106985,193.4265344,5.3204696201184691235413045792,193,503.965,192.6,11,1.3891200,0.394304,1.6559808,0.9759371921568627450980392157
2017/6/8 11:20:18,193.9959808,509.97312208233130570094780025,193.7078272,1.0625487001487568180208259545,193,501.975,192.6,11,1.3959808,0.394304,1.6559808,0.9840149538461538461538461538
2017/6/8 11:20:24,193.9959808,509.97312208233130570094780025,193.7078272,1.0625487001487568180208259545,193,234.73,192.8,2.49,1.1959808,0.394304,1.6559808,0.9880143094339622641509433962
2017/6/8 11:20:29,193.9959808,509.97312208233130570094780025,193.7078272,1.0625487001487568180208259545,193,293.594,192.61,5.5,1.3859808,0.394304,1.6559808,0.9953840592592592592592592593
2017/6/8 11:20:35,193.9959808,509.97312208233130570094780025,193.7078272,1.0625487001487568180208259545,193,293.594,192.61,0.55,1.3859808,0.394304,1.6559808,1.0024858181818181818181818182
2017/6/8 11:20:41,193.9959808,509.97312208233130570094780025,193.7078272,1.0625487001487568180208259545,193,73.264,192.61,27.69,1.3859808,0.394304,1.6559808,1.0093339428571428571428571429
2017/6/8 11:20:46,193.9959808,509.97312208233130570094780025,193.7078272,1.0625487001487568180208259545,193,73.264,192.61,27.66,1.3859808,0.394304,1.6559808,1.0159417824561403508771929825
2017/6/8 11:20:52,193.9959808,509.97312208233130570094780025,193.7078272,1.0625487001487568180208259545,193,68.264,192.61,27.7,1.3859808,0.394304,1.6559808,1.0223217655172413793103448276
2017/6/8 11:20:58,194.2223872,14.483026599314705570666572468,193.7078272,1.0625487001487568180208259545,192.99,42.6,192.61,27.09,1.6123872,0.394304,1.6559808,1.0323228745762711864406779661
2017/6/8 11:21:03,194.2223872,0.3532445512027976968455261578,193.7078272,1.0625487001487568180208259545,193,102.834,192.7,6,1.5223872,0.394304,1.6559808,1.0404906133333333333333333333
2017/6/8 11:21:09,194.2155264,3.5325702981489331637699590222,193.7078272,1.0625487001487568180208259545,193,49.184,192.7,6,1.5155264,0.394304,1.6559808,1.0482780852459016393442622951
2017/6/8 11:21:15,194.2155264,3.5325702981489331637699590222,193.7078272,3.8960119005454416660763618333,193.4,96.16,193,30.816,1.2155264,0.394304,1.6559808,1.0509756387096774193548387097
2017/6/8 11:21:20,194.2223872,0.3532445512027976968455261578,193.7078272,3.8960119005454416660763618333,193.4,96.16,193,66.496,1.2223872,0.394304,1.6559808,1.0536964571428571428571428571
2017/6/8 11:21:26,194.2223872,0.3532445512027976968455261578,193.7078272,3.8960119005454416660763618333,193.4,96.16,193,64.495,1.2223872,0.394304,1.6559808,1.05633225
2017/6/8 11:21:32,194.2223872,5.6519128192447631495284185241,193.7078272,1.0625487001487568180208259545,193.4,96.16,193,42.166,1.2223872,0.394304,1.6559808,1.0588869415384615384615384615
2017/6/8 11:21:37,194.2223872,1.0597336536083930905365784733,193.7078272,1.0625487001487568180208259545,193.4,96.16,193,42.166,1.2223872,0.394304,1.6559808,1.0613642181818181818181818182
2017/6/8 11:21:43,194.2223872,5.2986682680419654526828923664,193.7078272,1.0625487001487568180208259545,193.4,92.96,193,42.166,1.2223872,0.394304,1.6559808,1.0637675462686567164179104478
2017/6/8 11:21:49,194.2155264,0.3532570298148933163769959022,193.7078272,1.0625487001487568180208259545,193.4,92.96,193,45.086,1.2155264,0.394304,1.6559808,1.0659992941176470588235294118
2017/6/8 11:21:54,194.092032,13.078826440438317426652527395,193.7078272,1.0625487001487568180208259545,193.4,92.96,193,44.996,1.092032,0.394304,1.6559808,1.0663765797101449275362318841
2017/6/8 11:22:00,194.0851712,8.483862985612782353564989925,193.7078272,1.0625487001487568180208259545,193.4,92.96,193,45.086,1.0851712,0.394304,1.6559808,1.0666450742857142857142857143
2017/6/8 11:22:06,194.0851712,8.130368694545583088833115345,193.7078272,1.0625487001487568180208259545,193.4,92.96,193,49.906,1.0851712,0.394304,1.6559808,1.0669060056338028169014084507
2017/6/8 11:22:11,194.0714496,2.1211157068618093116979531233,193.7078272,1.0625487001487568180208259545,193.4,92.86,193,49.906,1.0714496,0.394304,1.6559808,1.0669691111111111111111111111
2017/6/8 11:22:17,194.0714496,7.0703856895393643723265104111,193.7078272,1.0625487001487568180208259545,193.4,88.48,193,49.906,1.0714496,0.394304,1.6559808,1.0670304876712328767123287671
2017/6/8 11:22:23,194.0714496,4.9492699826775550606285572878,193.7078272,1.0625487001487568180208259545,193.4,88.48,193,49.936,1.0714496,0.394304,1.6559808,1.0670902054054054054054054054
2017/6/8 11:22:28,194.0714496,3.181673560292713967546929685,193.7078272,1.0625487001487568180208259545,193.4,88.48,193,372.609,1.0714496,0.394304,1.6559808,1.0671483306666666666666666667
2017/6/8 11:22:34,194.0714496,1.4140771379078728744653020822,193.8930688,1.4153780828703867520611443332,193.3,32.409,193,372.549,1.0714496,0.394304,1.6559808,1.0672049263157894736842105263
2017/6/8 11:22:40,194.0714496,1.4140771379078728744653020822,193.8930688,1.0615335621527900640458582499,193.3,32.409,193.01,2,1.0614496,0.394304,1.6559808,1.0671301818181818181818181818
2017/6/8 11:22:45,194.0714496,1.4140771379078728744653020822,193.8930688,1.0615335621527900640458582499,193.5,4,193.01,2.46,1.0614496,0.394304,1.6559808,1.0670573538461538461538461538
2017/6/8 11:22:51,194.2155264,0.3532570298148933163769959022,193.8930688,1.0615335621527900640458582499,193.5,4,193.1,1124.92,1.1155264,0.394304,1.6559808,1.0676708860759493670886075949
2017/6/8 11:22:57,194.2155264,0.3532570298148933163769959022,193.8930688,1.0615335621527900640458582499,193.5,4,193.1,1124.92,1.1155264,0.394304,1.6559808,1.06826908
2017/6/8 11:23:02,194.2155264,0.3532570298148933163769959022,193.8930688,1.0615335621527900640458582499,193.59,20,193.1,1052.65,1.1155264,0.394304,1.6559808,1.0688525037037037037037037037
2017/6/8 11:23:08,194.2155264,0.3532570298148933163769959022,193.8930688,1.0615335621527900640458582499,193.59,20,193.11,32,1.1055264,0.394304,1.6559808,1.0692997463414634146341463415
2017/6/8 11:23:14,194.2086656,0.353269509308651570282968877,193.8930688,1.0615335621527900640458582499,193.59,20,193.15,9.02,1.0586656,0.394304,1.6559808,1.0691716240963855421686746988
2017/6/8 11:23:19,194.229248,0.3532320734722712822324267043,193.9479552,13.7960309880080653719622201,193.59,20,193.15,9.02,1.079248,0.394304,1.6559808,1.069291580952380952380952381
2017/6/8 11:23:25,194.229248,0.3532320734722712822324267043,193.954816,6.7209055535903784931022285108,193.59,20,193.15,9.02,1.079248,0.394304,1.6559808,1.0694087152941176470588235294
2017/6/8 11:23:31,194.229248,0.7064641469445425644648534087,193.9616768,0.707438718121042764670510417,193.59,20,193.15,9.02,1.079248,0.394304,1.6559808,1.0695231255813953488372093023
2017/6/8 11:23:36,194.572288,3.5260930888575458392101551481,194.2361088,14.83522305817526756384444209,193.59,20,193.2,20,1.372288,0.394304,1.6559808,1.0730031816091954022988505747
2017/6/8 11:23:42,194.5311232,6.3483106440008464414192001129,194.2429696,0.706414241311104831873410568,193.59,20,193.2,20,1.3311232,0.394304,1.6559808,1.0759363636363636363636363636
2017/6/8 11:23:48,194.4968192,5.6439380577798158665208649335,194.2361088,14.482003461552046907562431564,193.59,19.62,193.3,183.27,1.1968192,0.394304,1.6559808,1.0772945977528089887640449438
2017/6/8 11:23:53,194.4968192,5.6439380577798158665208649335,194.229248,1.059696220416813846697280113,193.6,54.253,193.3,127.9,1.1968192,0.394304,1.6559808,1.0786226488888888888888888889
2017/6/8 11:23:59,194.5997312,9.166549146805810181920744606,194.229248,1.4129282938890851289297068174,193.6,54.253,193.3,127.9,1.2997312,0.394304,1.6559808,1.0810524131868131868131868132
2017/6/8 11:24:05,194.4007680,5.6467266631374625022057526028,194.229248,1.059696220416813846697280113,193.6,54.253,193.31,0.57,1.0907680,0.394304,1.6559808,1.0811580173913043478260869565
2017/6/8 11:24:10,194.4830976,5.6443362613327688997072000564,194.229248,1.059696220416813846697280113,193.59,20.69,193.31,30.59,1.1730976,0.394304,1.6559808,1.0821466150537634408602150538
2017/6/8 11:24:16,194.4830976,5.6443362613327688997072000564,194.229248,1.059696220416813846697280113,193.6,38.603,193.31,30.6,1.1730976,0.394304,1.6559808,1.0831141787234042553191489362
2017/6/8 11:24:22,194.4830976,5.99710727766606695593890006,194.229248,1.059696220416813846697280113,193.6,37.573,193.4,1.54,1.0830976,0.394304,1.6559808,1.0831140042105263157894736842
2017/6/8 11:24:27,194.4830976,5.99710727766606695593890006,194.229248,1.4129282938890851289297068174,193.6,22.573,193.4,1.54,1.0830976,0.394304,1.6559808,1.0831138333333333333333333333
2017/6/8 11:24:33,194.6271744,5.6401579244218838127467569092,194.229248,1.059696220416813846697280113,193.6,22.573,193.4,1.54,1.2271744,0.394304,1.6559808,1.0845989938144329896907216495
2017/6/8 11:24:39,194.4693760,5.644734521079555477156464985,194.229248,1.4129282938890851289297068174,193.6,0.003,193.4,1.54,1.0693760,0.394304,1.6559808,1.0844436571428571428571428571
2017/6/8 11:24:44,194.4556544,5.6451328370320714109303884557,194.229248,1.059696220416813846697280113,193.6,0.003,193.4,41.54,1.0556544,0.394304,1.6559808,1.0841528565656565656565656566
2017/6/8 11:24:50,194.4556544,5.9979536393465758741135377342,194.229248,1.059696220416813846697280113,193.6,1.002,193.5,5.5,0.9556544,0.394304,1.6559808,1.082867872
2017/6/8 11:24:56,194.229248,0.3532320734722712822324267043,193.9616768,0.707438718121042764670510417,193.6,1.002,193.5,57.153,0.729248,0.394304,1.6559808,1.0793666851485148514851485149
2017/6/8 11:25:01,194.4556544,0.705641604629008926366298557,193.9685376,3.8907753254102999434069043577,193.6,1.002,193.5,82.153,0.9556544,0.394304,1.6559808,1.0781538196078431372549019608
2017/6/8 11:25:07,194.4556544,0.3528208023145044631831492785,193.9753984,0.707388674707317935839847204,193.6,1.002,193.5,82.153,0.9556544,0.394304,1.6559808,1.0769645048543689320388349515
2017/6/8 11:25:13,194.6065920,5.640754450907808919442975498,193.9753984,2.8295546988292717433593888162,193.6,1.002,193.5,82.153,1.1065920,0.394304,1.6559808,1.0772493846153846153846153846
2017/6/8 11:25:18,194.5997312,115.28698350021153574954167254,193.954816,3.5373187124159886805801202688,193.5,23.637,193.4,318.79,1.1997312,0.394304,1.6559808,1.0784158780952380952380952381
2017/6/8 11:25:24,194.5791488,10.930503155742040125524487853,193.9616768,14.502493721481376675745463549,193.5,23.637,193.4,318.79,1.1791488,0.394304,1.6559808,1.0793661886792452830188679245
2017/6/8 11:25:30,194.5791488,5.6415500158668594196255421177,193.954816,3.5373187124159886805801202688,193.6,1.002,193.5,8.695,1.0791488,0.394304,1.6559808,1.0793641570093457943925233645
2017/6/8 11:25:35,194.5928704,5.6411522053379402743010259846,193.954816,3.5373187124159886805801202688,193.6,1.002,193.4,318.79,1.1928704,0.394304,1.6559808,1.0804151407407407407407407407
2017/6/8 11:25:41,194.5997312,105.76787477083627132985474545,193.954816,3.5373187124159886805801202688,193.6,1.002,193.4,318.79,1.1997312,0.394304,1.6559808,1.0815097834862385321100917431
2017/6/8 11:25:47,194.5791488,9.872712527767003984344698706,193.954816,3.5373187124159886805801202688,193.6,1.002,193.4,318.79,1.1791488,0.394304,1.6559808,1.0823974109090909090909090909
2017/6/8 11:25:52,194.5791488,9.872712527767003984344698706,193.9753984,14.501467831500017684716867683,193.6,1.002,193.4,318.79,1.1791488,0.394304,1.6559808,1.083269045045045045045045045
2017/6/8 11:25:58,193.9753984,1.4147773494146358716796944081,193.680384,37.9029401346085724406659582,193.6,1.002,193.4,318.79,0.5753984,0.394304,1.6559808,1.0787344857142857142857142857
2017/6/8 11:26:04,193.9753984,1.4147773494146358716796944081,193.6392192,17.006802721088435374149659864,193.6,0.003,193.4,411.8,0.5753984,0.394304,1.6559808,1.0742801840707964601769911504
2017/6/8 11:26:09,193.9753984,0.353694337353658967919923602,193.6460800,2.8343666961913197519929140833,193.5,39.92,193.41,6,0.5653984,0.394304,1.6559808,1.0698163087719298245614035088
2017/6/8 11:26:15,193.9753984,1.0610830120609769037597708061,193.6460800,3.5429583702391496899911426041,193.5,39.92,193.4,362.8,0.5753984,0.394304,1.6559808,1.0655170226086956521739130435
2017/6/8 11:26:21,193.9753984,1.4147773494146358716796944081,193.6460800,40.035429583702391496899911426,193.45,262.8,193.4,362.8,0.5753984,0.394304,1.6559808,1.0612918620689655172413793103
2017/6/8 11:26:26,193.9753984,1.4147773494146358716796944081,193.6460800,40.035429583702391496899911426,193.45,262.8,193.4,347.177,0.5753984,0.394304,1.6559808,1.0571389264957264957264957265
2017/6/8 11:26:32,193.9753984,1.4147773494146358716796944081,193.6460800,40.035429583702391496899911426,193.45,262.8,193.4,440.831,0.5753984,0.394304,1.6559808,1.0530563796610169491525423729
2017/6/8 11:26:38,193.9753984,1.4147773494146358716796944081,193.6460800,40.035429583702391496899911426,193.44,603.9,193.4,438.811,0.5753984,0.394304,1.6559808,1.0490424470588235294117647059
2017/6/8 11:26:43,193.9753984,1.4147773494146358716796944081,193.6460800,40.035429583702391496899911426,193.44,599.033,193.4,438.811,0.5753984,0.394304,1.6559808,1.0450954133333333333333333333
2017/6/8 11:26:49,193.9753984,1.4147773494146358716796944081,193.6460800,40.035429583702391496899911426,193.43,5,193.4,338.811,0.5753984,0.394304,1.6559808,1.0412136198347107438016528926
2017/6/8 11:26:55,193.9753984,1.4147773494146358716796944081,193.6460800,40.035429583702391496899911426,193.44,576.769,193.43,100,0.5453984,0.394304,1.6559808,1.0371495606557377049180327869
2017/6/8 11:27:00,193.9753984,1.4147773494146358716796944081,193.6529408,3.5428328491461772833557712747,193.44,571.124,193.43,100,0.5453984,0.394304,1.6559808,1.0331515837398373983739837398
2017/6/8 11:27:06,193.9753984,1.0610830120609769037597708061,193.6529408,3.5428328491461772833557712747,193.44,568.124,193.43,60.08,0.5453984,0.394304,1.6559808,1.0292180903225806451612903226
2017/6/8 11:27:11,193.9753984,1.0610830120609769037597708061,193.6460800,40.035429583702391496899911426,193.44,568.124,193.43,60.08,0.5453984,0.394304,1.6559808,1.0253475328
2017/6/8 11:27:17,193.9753984,1.0610830120609769037597708061,193.6460800,40.035429583702391496899911426,193.44,547.356,193.43,60.08,0.5453984,0.394304,1.6559808,1.0215384126984126984126984127
2017/6/8 11:27:23,193.8107392,43.187369464405819675032744522,193.6460800,40.035429583702391496899911426,193.44,480.26,193.43,60.08,0.3807392,0.3807392,1.6559808,1.0164927496062992125984251969
2017/6/8 11:27:28,193.8107392,43.187369464405819675032744522,193.6460800,40.035429583702391496899911426,193.44,465.917,193.4,266.521,0.4107392,0.3807392,1.6559808,1.0117603
2017/6/8 11:27:34,193.8107392,43.187369464405819675032744522,193.6460800,40.035429583702391496899911426,193.44,465.917,193.4,266.521,0.4107392,0.3807392,1.6559808,1.0071012217054263565891472868
2017/6/8 11:27:40,193.8107392,43.187369464405819675032744522,193.6392192,75.821995464852607709750566893,193.44,465.917,193.4,266.521,0.4107392,0.3807392,1.6559808,1.0025138215384615384615384615
2017/6/8 11:27:45,193.8107392,3.1859534850791178448794647598,193.6392192,75.821995464852607709750566893,193.44,420.817,193.4,266.521,0.4107392,0.3807392,1.6559808,0.997996458015267175572519084
2017/6/8 11:27:51,193.8107392,1.4159793267018301532797621155,193.6392192,75.821995464852607709750566893,193.43,211.11,193.4,266.521,0.4107392,0.3807392,1.6559808,0.9935475393939393939393939394
2017/6/8 11:27:57,193.8107392,1.4159793267018301532797621155,193.6392192,75.821995464852607709750566893,193.43,211.11,193.4,266.521,0.4107392,0.3807392,1.6559808,0.9891655218045112781954887218
2017/6/8 11:28:02,193.8107392,1.4159793267018301532797621155,193.6392192,75.821995464852607709750566893,193.43,211.11,193.4,163.521,0.4107392,0.3807392,1.6559808,0.9848489074626865671641791045
2017/6/8 11:28:08,193.8107392,1.4159793267018301532797621155,193.6392192,75.821995464852607709750566893,193.43,88.5,193.4,163.521,0.4107392,0.3807392,1.6559808,0.980596242962962962962962963
2017/6/8 11:28:14,193.8107392,1.4159793267018301532797621155,193.6392192,75.821995464852607709750566893,193.43,88.5,193.4,163.521,0.4107392,0.3807392,1.6559808,0.9764061176470588235294117647
2017/6/8 11:28:19,193.8107392,1.4159793267018301532797621155,193.6392192,72.278911564625850340136054422,193.44,420.817,193.43,14.5,0.3807392,0.3807392,1.6559808,0.9720581839416058394160583942
2017/6/8 11:28:25,193.8107392,1.4159793267018301532797621155,193.6392192,72.278911564625850340136054422,193.44,420.817,193.43,14.5,0.3807392,0.3807392,1.6559808,0.9677732637681159420289855072
2017/6/8 11:28:30,193.8107392,1.4159793267018301532797621155,193.6392192,72.278911564625850340136054422,193.44,385.127,193.43,14.5,0.3807392,0.3807392,1.6559808,0.963549997122302158273381295
2017/6/8 11:28:36,193.8107392,1.7699741583772876915997026443,193.6392192,29.761904761904761904761904762,193.44,375.94,193.43,14.5,0.3807392,0.3807392,1.6559808,0.9593870628571428571428571429
2017/6/8 11:28:42,193.7284096,1.0624358111697418280978857527,193.6392192,29.761904761904761904761904762,193.44,370.941,193.43,11.5,0.2984096,0.2984096,1.6559808,0.954699279432624113475177305
2017/6/8 11:28:48,193.7284096,0.3541452703899139426992952509,193.6392192,29.761904761904761904761904762,193.44,370.941,193.43,11.5,0.2984096,0.2984096,1.6559808,0.9500775211267605633802816901
2017/6/8 11:28:53,193.8107392,1.4159793267018301532797621155,193.6392192,29.761904761904761904761904762,193.43,18.073,193.4,193.521,0.4107392,0.2984096,1.6559808,0.9463059244755244755244755245
2017/6/8 11:28:59,193.8107392,1.4159793267018301532797621155,193.6392192,29.761904761904761904761904762,193.43,3.1,193.4,175.551,0.4107392,0.2984096,1.6559808,0.9425867111111111111111111111
2017/6/8 11:29:05,193.8107392,1.4159793267018301532797621155,193.6392192,29.761904761904761904761904762,193.44,370.941,193.4,175.551,0.4107392,0.2984096,1.6559808,0.9389187972413793103448275862
2017/6/8 11:29:10,193.8107392,1.4159793267018301532797621155,193.6392192,29.761904761904761904761904762,193.44,370.941,193.4,161.551,0.4107392,0.2984096,1.6559808,0.9353011287671232876712328767
2017/6/8 11:29:16,193.8107392,1.4159793267018301532797621155,193.6392192,29.761904761904761904761904762,193.44,370.941,193.4,161.551,0.4107392,0.2984096,1.6559808,0.931732680272108843537414966
2017/6/8 11:29:22,193.8107392,1.4159793267018301532797621155,193.6392192,29.761904761904761904761904762,193.44,370.687,193.4,161.551,0.4107392,0.2984096,1.6559808,0.9282124540540540540540540541
2017/6/8 11:29:27,193.8107392,1.4159793267018301532797621155,193.6392192,29.761904761904761904761904762,193.44,167.327,193.4,161.551,0.4107392,0.2984096,1.6559808,0.9247394791946308724832214765
2017/6/8 11:29:33,193.8107392,1.7699741583772876915997026443,193.6392192,29.761904761904761904761904762,193.44,167.327,193.4,161.551,0.4107392,0.2984096,1.6559808,0.9213128106666666666666666667
2017/6/8 11:29:39,193.8107392,1.7699741583772876915997026443,193.6392192,29.761904761904761904761904762,193.44,128.077,193.4,161.551,0.4107392,0.2984096,1.6559808,0.9179315284768211920529801325
2017/6/8 11:29:44,193.8107392,1.7699741583772876915997026443,193.6392192,29.761904761904761904761904762,193.44,128.077,193.4,60.301,0.4107392,0.2984096,1.6559808,0.9145947368421052631578947368
2017/6/8 11:29:50,193.8107392,1.7699741583772876915997026443,193.6392192,29.761904761904761904761904762,193.44,128.077,193.4,60.301,0.4107392,0.2984096,1.6559808,0.9113015633986928104575163399
2017/6/8 11:29:56,193.8107392,1.7699741583772876915997026443,193.6392192,29.761904761904761904761904762,193.44,128.077,193.4,60.301,0.4107392,0.2984096,1.6559808,0.9080511584415584415584415584
2017/6/8 11:30:01,193.8107392,1.4159793267018301532797621155,193.6392192,29.761904761904761904761904762,193.44,128.077,193.4,60.301,0.4107392,0.2984096,1.6559808,0.9048426941935483870967741935
2017/6/8 11:30:07,193.8107392,1.7699741583772876915997026443,193.6392192,29.761904761904761904761904762,193.44,128.077,193.4,60.301,0.4107392,0.2984096,1.6559808,0.9016753641025641025641025641
2017/6/8 11:30:13,193.8107392,1.7699741583772876915997026443,193.6392192,29.761904761904761904761904762,193.44,128.077,193.4,55.301,0.4107392,0.2984096,1.6559808,0.8985483821656050955414012739
2017/6/8 11:30:18,193.8107392,1.4159793267018301532797621155,193.6392192,29.761904761904761904761904762,193.44,9.389,193.3,127.37,0.5107392,0.2984096,1.6559808,0.8960938936708860759493670886
2017/6/8 11:30:24,193.8107392,1.4159793267018301532797621155,193.6392192,29.761904761904761904761904762,193.44,0.457,193.3,127.88,0.5107392,0.2984096,1.6559808,0.8936702792452830188679245283
2017/6/8 11:30:30,193.8107392,1.4159793267018301532797621155,193.6392192,29.761904761904761904761904762,193.6,0.003,193.3,127.88,0.5107392,0.2984096,1.6559808,0.89127696
2017/6/8 11:30:35,194.1057536,5.3018521136717093171214477591,193.6392192,29.761904761904761904761904762,193.6,0.003,193.44,8.935,0.6657536,0.2984096,1.6559808,0.8898761937888198757763975155
2017/6/8 11:30:41,194.1057536,1.0603704227343418634242895518,193.6392192,29.761904761904761904761904762,193.6,0.003,193.44,2,0.6657536,0.2984096,1.6559808,0.888492720987654320987654321
2017/6/8 11:30:47,194.1057536,0.7069136151562279089495263679,193.6392192,29.761904761904761904761904762,193.6,0.003,193.44,2,0.6657536,0.2984096,1.6559808,0.8871262233128834355828220859
2017/6/8 11:30:52,194.1057536,0.7069136151562279089495263679,193.6392192,29.761904761904761904761904762,193.6,0.003,193.44,2,0.6657536,0.2984096,1.6559808,0.8857763902439024390243902439
2017/6/8 11:30:58,194.1057536,0.7069136151562279089495263679,193.6392192,33.304988662131519274376417234,193.6,0.003,193.44,2,0.6657536,0.2984096,1.6559808,0.8844429187878787878787878788
2017/6/8 11:31:04,194.1057536,0.7069136151562279089495263679,193.6392192,33.304988662131519274376417234,193.6,0.003,193.44,2,0.6657536,0.2984096,1.6559808,0.8831255132530120481927710843
2017/6/8 11:31:09,194.1057536,0.7069136151562279089495263679,193.6392192,33.304988662131519274376417234,193.6,0.003,193.44,2,0.6657536,0.2984096,1.6559808,0.8818238850299401197604790419
2017/6/8 11:31:15,194.1057536,0.7069136151562279089495263679,193.6392192,33.304988662131519274376417234,193.6,0.003,193.44,2,0.6657536,0.2984096,1.6559808,0.8805377523809523809523809524
2017/6/8 11:31:21,194.1057536,0.7069136151562279089495263679,193.6392192,33.304988662131519274376417234,193.8,33.63,193.6,0.997,0.5057536,0.2984096,1.6559808,0.8783200946745562130177514793
2017/6/8 11:31:26,194.1057536,0.7069136151562279089495263679,193.6460800,1.771479185119574844995571302,193.8,33.63,193.6,110.078,0.5057536,0.2984096,1.6559808,0.8761285270588235294117647059
2017/6/8 11:31:32,194.1057536,0.7069136151562279089495263679,193.6460800,1.771479185119574844995571302,193.8,33.63,193.6,108.333,0.5057536,0.2984096,1.6559808,0.8739625918128654970760233918
2017/6/8 11:31:38,194.1057536,0.7069136151562279089495263679,193.6460800,1.771479185119574844995571302,193.8,33.63,193.6,117.727,0.5057536,0.2984096,1.6559808,0.8718218418604651162790697674
2017/6/8 11:31:43,194.1057536,0.7069136151562279089495263679,193.6460800,19.486271036315323294951284322,193.9,10,193.8,264.4,0.3057536,0.2984096,1.6559808,0.8685497710982658959537572254
2017/6/8 11:31:49,194.1057536,0.7069136151562279089495263679,193.6460800,1.771479185119574844995571302,193.95,19.98,193.9,5,0.2057536,0.2057536,1.6559808,0.8647405977011494252873563218
2017/6/8 11:31:55,194.16064,55.123674911660777385159010601,193.6460800,6.7316209034543844109831709477,193.95,19.98,193.9,5.47,0.26064,0.2057536,1.6559808,0.8612885942857142857142857143
2017/6/8 11:32:00,194.16064,55.123674911660777385159010601,193.6460800,7.0859167404782993799822852081,193.98,20.037,193.9,5.47,0.26064,0.2057536,1.6559808,0.8578758181818181818181818182
2017/6/8 11:32:06,194.16064,51.236749116607773851590106007,193.6460800,6.7316209034543844109831709477,194,38.549,193.9,5.47,0.26064,0.2057536,1.6559808,0.8545016045197740112994350282
2017/6/8 11:32:11,194.16064,51.236749116607773851590106007,193.6460800,6.7316209034543844109831709477,194.2,48.7,193.9,5.55,0.26064,0.2057536,1.6559808,0.8511653033707865168539325843
2017/6/8 11:32:17,194.16064,10.600706713780918727915194346,193.6460800,7.0859167404782993799822852081,194.33,2.083,193.9,5,0.26064,0.2057536,1.6559808,0.8478662793296089385474860335
2017/6/8 11:32:23,194.5860096,28.559339961920880050772159932,194.1675008,17.667220239567506448535387442,194.79,49.8,194.41,66.037,0.1760096,0.1760096,1.6559808,0.8441337422222222222222222222
2017/6/8 11:32:28,194.9976576,4.9257617338681303215818731968,194.5791488,16.219456295617220831423433588,194.79,118.581,194.41,0.54,0.5876576,0.1760096,1.6559808,0.8427167469613259668508287293
2017/6/8 11:32:34,194.7643904,2.4658306326616880371988164013,194.5791488,2.4681781319417509960861746765,194.79,52.676,193.9,5,0.8643904,0.1760096,1.6559808,0.842835832967032967032967033
2017/6/8 11:32:40,194.9976576,3.5184012384772359439870522834,194.5791488,5.6415500158668594196255421177,194.8,69.55,193.9,5,1.0976576,0.1760096,1.6559808,0.8442283016393442622950819672
2017/6/8 11:32:45,194.9976576,3.5184012384772359439870522834,194.5791488,5.6415500158668594196255421177,194.41,19.96,193.9,5,1.0976576,0.1760096,1.6559808,0.845605634782608695652173913
2017/6/8 11:32:51,194.9976576,3.5184012384772359439870522834,194.5791488,5.2889531398751807058989457353,194.79,20,194.41,66.911,0.5876576,0.1760096,1.6559808,0.8442113210810810810810810811
2017/6/8 11:32:57,194.9976576,3.5184012384772359439870522834,194.5791488,5.2889531398751807058989457353,194.95,16.014,194.41,67.431,0.5876576,0.1760096,1.6559808,0.8428320
2017/6/8 11:33:02,194.9976576,3.5184012384772359439870522834,194.5791488,4.936356263883501992172349353,194.95,16.014,194.41,65.381,0.5876576,0.1760096,1.6559808,0.8414674310160427807486631016
2017/6/8 11:33:08,194.9976576,3.5184012384772359439870522834,194.9907968,0.7037050068611238168959572147,194.8,49,194.41,0.46,0.5876576,0.1760096,1.6559808,0.8401173787234042553191489362
2017/6/8 11:33:14,194.7918336,575.16201746970977740208509439,194.5860096,0.3525844439743318524786686411,194.93,32.15,194.8,0.53,-0.0081664,-0.0081664,1.6559808,0.8356291047619047619047619048
2017/6/8 11:33:19,194.7918336,206.04395604395604395604395604,194.5791488,3.1733718839251084235393674412,194.93,32.15,194.53,141,0.2618336,-0.0081664,1.6559808,0.8326091284210526315789473684
2017/6/8 11:33:25,194.7918336,197.9430825584671738517892364,194.5791488,3.1733718839251084235393674412,194.93,27.15,194.53,141,0.2618336,-0.0081664,1.6559808,0.8296207748691099476439790576
2017/6/8 11:33:30,194.7918336,197.9430825584671738517892364,194.5791488,3.1733718839251084235393674412,194.93,11.768,194.53,140.99,0.2618336,-0.0081664,1.6559808,0.82666355
2017/6/8 11:33:36,194.7918336,197.9430825584671738517892364,194.5791488,3.1733718839251084235393674412,194.93,11.768,194.53,141,0.2618336,-0.0081664,1.6559808,0.8237369699481865284974093264
2017/6/8 11:33:42,194.7918336,197.9430825584671738517892364,194.5791488,3.1733718839251084235393674412,194.9,21.23,194.53,140.97,0.2618336,-0.0081664,1.6559808,0.8208405608247422680412371134
2017/6/8 11:33:47,194.7918336,197.9430825584671738517892364,194.5791488,2.1155812559500722823595782941,194.96,32.54,194.53,140.5,0.2618336,-0.0081664,1.6559808,0.8179738584615384615384615385
2017/6/8 11:33:53,194.7918336,197.9430825584671738517892364,194.5791488,2.1155812559500722823595782941,194.96,32.54,194.56,48.4,0.2318336,-0.0081664,1.6559808,0.8149833469387755102040816327
2017/6/8 11:33:59,194.7918336,197.9430825584671738517892364,194.5791488,2.1155812559500722823595782941,194.96,12.54,194.53,118.83,0.2618336,-0.0081664,1.6559808,0.8121754802030456852791878173
2017/6/8 11:34:04,194.7918336,197.9430825584671738517892364,194.5791488,2.1155812559500722823595782941,194.97,33.43,194.56,500,0.2318336,-0.0081664,1.6559808,0.8092444606060606060606060606
2017/6/8 11:34:10,194.7918336,197.9430825584671738517892364,194.5791488,2.1155812559500722823595782941,194.97,33.43,194.56,500,0.2318336,-0.0081664,1.6559808,0.8063428984924623115577889447
2017/6/8 11:34:16,194.7918336,197.9430825584671738517892364,194.5791488,2.1155812559500722823595782941,194.99,200.81,194.56,499.5,0.2318336,-0.0081664,1.6559808,0.803470352
2017/6/8 11:34:21,194.7918336,197.9430825584671738517892364,194.5791488,2.1155812559500722823595782941,194.99,200.81,194.56,526.88,0.2318336,-0.0081664,1.6559808,0.8006263880597014925373134328
2017/6/8 11:34:27,194.7918336,197.9430825584671738517892364,194.5791488,2.1155812559500722823595782941,194.99,200.81,194.6,131,0.1918336,-0.0081664,1.6559808,0.7976125623762376237623762376
2017/6/8 11:34:33,194.7918336,197.9430825584671738517892364,194.5791488,11.283100031733718839251084235,194.96,33.586,194.6,131,0.1918336,-0.0081664,1.6559808,0.7946284295566502463054187192
2017/6/8 11:34:38,194.7918336,197.9430825584671738517892364,194.5791488,11.283100031733718839251084235,194.96,33.586,194.6,131,0.1918336,-0.0081664,1.6559808,0.7916735529411764705882352941
2017/6/8 11:34:44,194.7918336,197.9430825584671738517892364,194.5791488,11.283100031733718839251084235,194.96,33.586,194.6,131,0.1918336,-0.0081664,1.6559808,0.7887475043902439024390243902
2017/6/8 11:34:50,194.7918336,197.9430825584671738517892364,194.5791488,11.283100031733718839251084235,194.96,33.586,194.6,131,0.1918336,-0.0081664,1.6559808,0.7858498640776699029126213592
2017/6/8 11:34:55,194.7918336,197.9430825584671738517892364,194.5791488,11.283100031733718839251084235,194.96,25.786,194.6,131,0.1918336,-0.0081664,1.6559808,0.7829802202898550724637681159
2017/6/8 11:35:01,194.7918336,197.9430825584671738517892364,194.5791488,11.283100031733718839251084235,194.96,25.786,194.6,131,0.1918336,-0.0081664,1.6559808,0.7801381692307692307692307692
2017/6/8 11:35:07,194.7918336,197.9430825584671738517892364,194.5791488,11.283100031733718839251084235,194.99,196.596,194.96,25.78,-0.1681664,-0.1681664,1.6559808,0.7756008267942583732057416268
2017/6/8 11:35:12,194.7918336,197.9430825584671738517892364,194.5791488,11.283100031733718839251084235,194.99,196.596,194.96,7.96,-0.1681664,-0.1681664,1.6559808,0.7711066971428571428571428571
2017/6/8 11:35:18,194.7918336,197.9430825584671738517892364,194.5791488,11.283100031733718839251084235,194.99,196.596,194.96,7.96,-0.1681664,-0.1681664,1.6559808,0.7666551658767772511848341232
2017/6/8 11:35:24,194.7918336,197.9430825584671738517892364,194.5791488,11.283100031733718839251084235,194.9,1.726,194.6,192.5,0.1918336,-0.1681664,1.6559808,0.7639437433962264150943396226
2017/6/8 11:35:29,194.7918336,197.9430825584671738517892364,194.5791488,11.283100031733718839251084235,194.9,1.726,194.6,192.5,0.1918336,-0.1681664,1.6559808,0.7612577802816901408450704225
2017/6/8 11:35:35,194.7918336,197.9430825584671738517892364,194.5791488,11.283100031733718839251084235,194.9,1.606,194.6,192.5,0.1918336,-0.1681664,1.6559808,0.7585969196261682242990654206
2017/6/8 11:35:40,194.7918336,197.9430825584671738517892364,194.5791488,11.283100031733718839251084235,194.9,1.606,194.6,178.08,0.1918336,-0.1681664,1.6559808,0.7559608111627906976744186047
2017/6/8 11:35:46,194.7918336,197.9430825584671738517892364,194.5791488,9.872712527767003984344698706,194.9,26.036,194.61,33.88,0.1818336,-0.1681664,1.6559808,0.7533028148148148148148148148
2017/6/8 11:35:52,194.7918336,9.86193293885601577909270217,194.5791488,9.872712527767003984344698706,194.9,23.906,194.61,10.59,0.1818336,-0.1681664,1.6559808,0.750669316129032258064516129
2017/6/8 11:35:58,194.7918336,9.157509157509157509157509158,194.5791488,9.872712527767003984344698706,194.9,23.906,194.62,1.27,0.1718336,-0.1681664,1.6559808,0.748014106422018348623853211
2017/6/8 11:36:03,194.7918336,9.157509157509157509157509158,194.5791488,9.872712527767003984344698706,194.9,33.356,194.7,126.656,0.0918336,-0.1681664,1.6559808,0.7450178484018264840182648402
2017/6/8 11:36:09,194.7918336,9.157509157509157509157509158,194.5791488,9.872712527767003984344698706,194.9,33.356,194.7,126.656,0.0918336,-0.1681664,1.6559808,0.7420488290909090909090909091
2017/6/8 11:36:15,194.7918336,9.157509157509157509157509158,194.5791488,9.872712527767003984344698706,194.9,33.356,194.7,126.656,0.0918336,-0.1681664,1.6559808,0.7391066787330316742081447964
2017/6/8 11:36:20,194.7918336,9.157509157509157509157509158,194.5791488,9.872712527767003984344698706,194.9,30.786,194.7,116.426,0.0918336,-0.1681664,1.6559808,0.7361910342342342342342342342
2017/6/8 11:36:26,194.7918336,9.157509157509157509157509158,194.5791488,9.872712527767003984344698706,194.9,30.786,194.7,116.946,0.0918336,-0.1681664,1.6559808,0.733301539013452914798206278
2017/6/8 11:36:31,194.7918336,9.157509157509157509157509158,194.5791488,9.872712527767003984344698706,194.9,29.786,194.7,116.946,0.0918336,-0.1681664,1.6559808,0.7304378428571428571428571429
2017/6/8 11:36:37,194.7918336,9.157509157509157509157509158,194.5791488,14.809068791650505976517048059,194.9,29.786,194.7,116.946,0.0918336,-0.1681664,1.6559808,0.7275996017777777777777777778
2017/6/8 11:36:43,194.7918336,9.157509157509157509157509158,194.5791488,14.809068791650505976517048059,194.9,23.586,194.7,116.946,0.0918336,-0.1681664,1.6559808,0.7247864778761061946902654867
2017/6/8 11:36:48,194.7918336,9.157509157509157509157509158,194.5791488,13.046084411692112407884066147,194.9,33.586,194.7,116.946,0.0918336,-0.1681664,1.6559808,0.7219981392070484581497797357
2017/6/8 11:36:54,194.9976576,2.4628808669340651607909365984,194.7918336,4.9309664694280078895463510848,194.9,33.586,194.7,139.316,0.2976576,-0.1681664,1.6559808,0.7201369964912280701754385965
2017/6/8 11:37:00,194.9976576,2.4628808669340651607909365984,194.7918336,1.4088475626937165398703860242,194.9,33.586,194.72,1.27,0.2776576,-0.1681664,1.6559808,0.7182047720524017467248908297
2017/6/8 11:37:06,194.9976576,2.4628808669340651607909365984,194.7918336,1.4088475626937165398703860242,194.95,50,194.63,0.69,0.3676576,-0.1681664,1.6559808,0.7166806539130434782608695652
2017/6/8 11:37:11,194.9976576,3.1665611146295123495883470551,194.7918336,1.4088475626937165398703860242,194.95,50,194.9,45.632,0.0976576,-0.1681664,1.6559808,0.7140009004329004329004329004
2017/6/8 11:37:17,194.9976576,1.4073604953908943775948209134,194.7918336,1.4088475626937165398703860242,194.95,50,194.9,10.332,0.0976576,-0.1681664,1.6559808,0.7113442482758620689655172414
2017/6/8 11:37:23,195.3887232,0.3511359247164577407914603743,195.0045184,1.4073109805439256939802272807,194.9,8.328,194.63,0.16,0.7587232,-0.1681664,1.6559808,0.7115475914163090128755364807
2017/6/8 11:37:28,195.3887232,0.3511359247164577407914603743,195.0045184,2.8146219610878513879604545614,195,1569.923,194.95,692.407,0.4387232,-0.1681664,1.6559808,0.7103816752136752136752136752
2017/6/8 11:37:34,195.3887232,0.3511359247164577407914603743,195.0045184,2.8146219610878513879604545614,195,1569.923,194.95,604.057,0.4387232,-0.1681664,1.6559808,0.7092256817021276595744680851
2017/6/8 11:37:40,195.395584,5.9691011235955056179775280899,195.0045184,179.08032227421454455898392147,195,1569.923,194.95,513.857,0.445584,-0.1681664,1.6559808,0.7081085559322033898305084746
2017/6/8 11:37:45,195.4024448,3.5111126716056318247252554334,195.0045184,183.65408296098230306441966013,195,344.384,194.95,513.857,0.4524448,-0.1681664,1.6559808,0.7070298059071729957805907173
2017/6/8 11:37:51,195.4024448,3.8622239387661950071977809768,195.0045184,178.72849452907856313548886465,195.05,0.1,195,454.733,0.4024448,-0.1681664,1.6559808,0.7057500369747899159663865546
2017/6/8 11:37:57,195.4024448,0.3511112671605631824725255433,195.0045184,168.17366217499912043063716005,195.05,0.1,195,478.374,0.4024448,-0.1681664,1.6559808,0.7044809774058577405857740586
2017/6/8 11:38:02,195.4093056,9.128572431711256232006179341,195.0045184,173.09925060690286035956795553,195.1,9.59,195,445.213,0.4093056,-0.1681664,1.6559808,0.70325108
2017/6/8 11:38:08,195.2034816,3.8661605511036131027695768312,195.0045184,168.17366217499912043063716005,195.14,0.1,195.1,51.88,0.1034816,-0.1681664,1.6559808,0.7007624099585062240663900415
2017/6/8 11:38:13,195.4161664,105.32598392023312151107678264,195.0045184,168.17366217499912043063716005,195.2,38.3,195.1,51.88,0.3161664,-0.1681664,1.6559808,0.6991731702479338842975206612
2017/6/8 11:38:19,195.4161664,0.3510866130674437383702559421,195.0045184,168.17366217499912043063716005,195.2,38.2,195.1,51.88,0.3161664,-0.1681664,1.6559808,0.697597010699588477366255144
2017/6/8 11:38:25,195.4161664,0.3510866130674437383702559421,195.0045184,168.17366217499912043063716005,195.2,38.2,195.1,52.4,0.3161664,-0.1681664,1.6559808,0.6960337704918032786885245902
2017/6/8 11:38:30,195.4161664,0.7021732261348874767405118843,195.0113792,0.3518153672952434562341683085,195.19,54.82,195.1,52.4,0.3161664,-0.1681664,1.6559808,0.6944832914285714285714285714
2017/6/8 11:38:36,195.4161664,0.3510866130674437383702559421,195.0113792,0.3518153672952434562341683085,195.19,54.82,194.95,0.496,0.4661664,-0.1681664,1.6559808,0.6935551739837398373983739837
2017/6/8 11:38:42,195.4161664,0.3510866130674437383702559421,195.0045184,168.17366217499912043063716005,195.1,395.36,194.95,0.496,0.4661664,-0.1681664,1.6559808,0.6926345716599190283400809717
2017/6/8 11:38:47,195.4161664,0.3510866130674437383702559421,195.0045184,168.17366217499912043063716005,195.1,395.36,194.95,0.496,0.4661664,-0.1681664,1.6559808,0.6917213935483870967741935484
2017/6/8 11:38:53,195.4161664,0.3510866130674437383702559421,195.0045184,168.17366217499912043063716005,195.1,395.36,194.95,0.496,0.4661664,-0.1681664,1.6559808,0.6908155502008032128514056225
2017/6/8 11:38:59,195.5122176,10.878338070674106046250482507,195.0045184,168.17366217499912043063716005,195.08,34.615,194.95,0.496,0.5622176,-0.1681664,1.6559808,0.6903011584
2017/6/8 11:39:04,195.5122176,9.474681545425834298347194442,195.0045184,168.17366217499912043063716005,195.08,34.615,194.95,0.496,0.5622176,-0.1681664,1.6559808,0.6897908653386454183266932271
2017/6/8 11:39:10,195.4847744,5.6154143122872284420734917348,195.0045184,168.17366217499912043063716005,195.08,34.515,194.95,0.496,0.5347744,-0.1681664,1.6559808,0.6891757206349206349206349206
2017/6/8 11:39:16,195.4710528,7.7217366887789126390790074058,195.0045184,168.17366217499912043063716005,195.1,265.885,194.64,501.49,0.8310528,-0.1681664,1.6559808,0.6897364996047430830039525692
2017/6/8 11:39:21,195.4436096,5.6165970442658054551198792432,195.0045184,168.17366217499912043063716005,195.1,276.275,194.64,501.52,0.8036096,-0.1681664,1.6559808,0.6901848188976377952755905512
2017/6/8 11:39:27,195.4436096,3.510373152666128409449924527,195.0045184,168.17366217499912043063716005,195.19,54.82,195.1,310.685,0.3436096,-0.1681664,1.6559808,0.6888257003921568627450980392
2017/6/8 11:39:33,195.4298880,9.127611023345620502018606284,195.0045184,168.17366217499912043063716005,195.2,27.58,195,24.672,0.4298880,-0.1681664,1.6559808,0.687814225
2017/6/8 11:39:38,195.2103424,40.066073876216919129792991952,195.0045184,161.13710727227949196073602364,195.1,9.982,195,4.712,0.2103424,-0.1681664,1.6559808,0.6859563579766536964980544747
2017/6/8 11:39:44,195.2103424,2.4601975187150739816539556462,195.0045184,161.13710727227949196073602364,195.2,27.58,195.1,9990.018,0.1103424,-0.1681664,1.6559808,0.6837252961240310077519379845
2017/6/8 11:39:49,195.2103424,2.4601975187150739816539556462,195.0045184,161.13710727227949196073602364,195.2,27.58,195.1,9053.308,0.1103424,-0.1681664,1.6559808,0.6815114625482625482625482625
2017/6/8 11:39:55,195.2103424,2.4601975187150739816539556462,195.0045184,161.13710727227949196073602364,195.4,25.22,195.3,1,-0.0896576,-0.1681664,1.6559808,0.6785454276923076923076923077
2017/6/8 11:40:01,195.2103424,3.5145678838786771166485080659,195.0045184,161.13710727227949196073602364,195.4,25.22,195.3,1.47,-0.0896576,-0.1681664,1.6559808,0.6756021210727969348659003831
2017/6/8 11:40:06,195.2103424,3.5145678838786771166485080659,195.0045184,161.13710727227949196073602364,195.41,0.1,195.4,428.62,-0.1896576,-0.1896576,1.6559808,0.6722996030534351145038167939
2017/6/8 11:40:12,195.1074304,17.230466277515999718686264857,195.0045184,161.13710727227949196073602364,195.41,0.1,195.4,280.25,-0.2925696,-0.2925696,1.6559808,0.6686308988593155893536121673
2017/6/8 11:40:18,195.4504704,4.2122999157540016849199663016,195.0045184,161.48893501741547338423108046,195.5,321.2,195.41,28.503,0.0404704,-0.2925696,1.6559808,0.666251503030303030303030303
2017/6/8 11:40:23,195.53280,0.350877192982456140350877193,195.0182400,9.146877748460861917326297274,195.5,51.563,195.41,28.503,0.12280,-0.2925696,1.6559808,0.6642007426415094339622641509
2017/6/8 11:40:29,195.53280,0.350877192982456140350877193,195.0456832,0.3517534911533996974919976081,195.54,1.373,195.5,51.56,0.03280,-0.2925696,1.6559808,0.6618270556390977443609022556
2017/6/8 11:40:35,195.5876864,3.5077872877788690893784200926,195.0456832,9.14559076998839213479193781,195.6,600.183,195.42,63.42,0.1676864,-0.2925696,1.6559808,0.6599763415730337078651685393
2017/6/8 11:40:40,195.5876864,3.5077872877788690893784200926,195.0456832,9.14559076998839213479193781,195.59,0.1,195.42,63.42,0.1676864,-0.2925696,1.6559808,0.6581394388059701492537313433
2017/6/8 11:40:46,195.5876864,3.5077872877788690893784200926,195.0799872,0.351691636772877540972075684,195.42,10,195.4,280.25,0.1876864,-0.2925696,1.6559808,0.656390542750929368029739777
2017/6/8 11:40:52,195.5876864,3.5077872877788690893784200926,195.0799872,8.792290919321938524301892101,195.68,0.1,195.6,1.294,-0.0123136,-0.2925696,1.6559808,0.6539138607407407407407407407
2017/6/8 11:40:57,195.601408,5.2613118204138898632058926692,195.5945472,45.599635202918376652986776106,196.11,100,196,2887.587,-0.398592,-0.398592,1.6559808,0.6500300752767527675276752768
2017/6/8 11:41:03,195.601408,5.2613118204138898632058926692,195.5945472,45.599635202918376652986776106,196.11,100,196,2664.017,-0.398592,-0.398592,1.6559808,0.6461748470588235294117647059
2017/6/8 11:41:08,195.601408,22.7990178884601894072255349,195.5945472,45.599635202918376652986776106,196.11,0.1,196,2423.347,-0.398592,-0.398592,1.6559808,0.6423478622710622710622710623
2017/6/8 11:41:14,195.601408,0.3507541213609259908803928446,195.5945472,45.599635202918376652986776106,196.13,0.1,196,2310.807,-0.398592,-0.398592,1.6559808,0.6385488116788321167883211679
2017/6/8 11:41:20,195.5945472,5.9630292188431723315444245677,195.0868480,36.57464392474063653947599789,196.21,52,196,2028.002,-0.4054528,-0.4054528,1.6559808,0.6347524421818181818181818182
2017/6/8 11:41:25,195.601408,0.3507541213609259908803928446,195.0868480,36.57464392474063653947599789,196.21,52,196,2024.462,-0.398592,-0.4054528,1.6559808,0.6310084405797101449275362319
2017/6/8 11:41:31,195.601408,0.7015082427218519817607856892,195.0868480,30.596096360119570951292421312,196.21,41.744,196,1704.262,-0.398592,-0.4054528,1.6559808,0.6272914714801444043321299639
2017/6/8 11:41:37,195.601408,0.7015082427218519817607856892,195.0868480,30.596096360119570951292421312,196.21,41.744,196,1583.472,-0.398592,-0.4054528,1.6559808,0.6236012431654676258992805755
2017/6/8 11:41:42,195.601408,0.3507541213609259908803928446,195.2034816,12.652889076339097427245887811,196.21,41.744,196,1562.482,-0.398592,-0.4054528,1.6559808,0.6199374681003584229390681004
2017/6/8 11:41:48,195.601408,0.3507541213609259908803928446,195.2103424,8.786419709696692791621270165,196.2,100.761,196,1534.262,-0.398592,-0.4054528,1.6559808,0.6162998628571428571428571429
2017/6/8 11:41:54,195.601408,0.7015082427218519817607856892,195.2240640,0.351432085749428922860657178,196.1,1.5,196,1538.092,-0.398592,-0.4054528,1.6559808,0.612688148042704626334519573
2017/6/8 11:41:59,195.601408,0.3507541213609259908803928446,195.2172032,3.8658888029802488226611372742,196.1,1.5,196,1841.597,-0.398592,-0.4054528,1.6559808,0.609102048226950354609929078
2017/6/8 11:42:05,195.601408,0.3507541213609259908803928446,195.258368,12.649332396345748418833450457,196.1,1.5,196,1790.047,-0.398592,-0.4054528,1.6559808,0.6055412918727915194346289753
2017/6/8 11:42:11,195.807232,1.4015416958654519971969166083,195.2652288,5.6217279786374336811777520115,196.2,81.761,196.1,1,-0.292768,-0.4054528,1.6559808,0.6023782309859154929577464789
2017/6/8 11:42:16,195.8689792,3.1524746926337174682125468493,195.5876864,28.763855759786726532903044759,196.2,81.761,196,1290.047,-0.1310208,-0.4054528,1.6559808,0.5998049010526315789473684211
2017/6/8 11:42:22,195.8689792,2.1016497950891449788083645662,195.3338368,8.78086473955955182466369288,196.2,71.761,196.1,14.09,-0.2310208,-0.4054528,1.6559808,0.5968999160839160839160839161
2017/6/8 11:42:28,195.8689792,2.1016497950891449788083645662,195.3406976,0.7024445068839561674627704411,196.22,2.1,196.2,31.959,-0.3310208,-0.4054528,1.6559808,0.5936667428571428571428571429
2017/6/8 11:42:33,195.8689792,2.1016497950891449788083645662,195.3406976,9.131778589491430177016015735,196.22,2.1,196.2,31.959,-0.3310208,-0.4054528,1.6559808,0.5904560222222222222222222222
2017/6/8 11:42:39,195.8689792,2.1016497950891449788083645662,195.3475584,8.780247954202226670881185685,196.28,17.8,196.2,63.816,-0.3310208,-0.4054528,1.6559808,0.5872675211072664359861591696
2017/6/8 11:42:45,195.9924736,3.5005425841005355830153673819,195.4504704,5.265374894692502106149957877,196.3,3010.21,196.28,0.04,-0.2875264,-0.4054528,1.6559808,0.5842509903448275862068965517
2017/6/8 11:42:50,195.9924736,3.5005425841005355830153673819,195.5465216,8.420461721984422145814328819,196.2,10.034,196,1141.737,-0.0075264,-0.4054528,1.6559808,0.5822173910652920962199312715
2017/6/8 11:42:56,195.9924736,3.8505968425105891413169041201,195.4573312,3.8611393871318754607041314191,196.2,39.974,196,1121.247,-0.0075264,-0.4054528,1.6559808,0.5801977205479452054794520548
2017/6/8 11:43:01,195.9924736,3.5005425841005355830153673819,195.4573312,9.126329460493523816209765173,196.2,39.974,196,809.817,-0.0075264,-0.4054528,1.6559808,0.5781918361774744027303754266
2017/6/8 11:43:07,195.9924736,3.5005425841005355830153673819,195.4573312,9.126329460493523816209765173,196.2,39.974,196,709.817,-0.0075264,-0.4054528,1.6559808,0.5761995972789115646258503401
2017/6/8 11:43:13,195.9924736,3.5005425841005355830153673819,195.4573312,9.126329460493523816209765173,196.2,39.974,196,219.824,-0.0075264,-0.4054528,1.6559808,0.5742208650847457627118644068
2017/6/8 11:43:19,195.9924736,3.5005425841005355830153673819,195.4573312,9.126329460493523816209765173,196.2,6.656,196,219.824,-0.0075264,-0.4054528,1.6559808,0.5722555027027027027027027027
2017/6/8 11:43:24,195.9924736,3.5005425841005355830153673819,195.8689792,7.0054993169638165960278818873,196.2,6.656,196,379.504,-0.0075264,-0.4054528,1.6559808,0.5703033750841750841750841751
2017/6/8 11:43:30,195.8689792,1.0508248975445724894041822831,195.4573312,2.4570887009021025659026290849,196.2,4.548,196,370.924,-0.1310208,-0.4054528,1.6559808,0.5679499382550335570469798658
2017/6/8 11:43:36,195.8689792,1.0508248975445724894041822831,195.4573312,7.7222787742637509214082628383,196.2,10.49,196,96.594,-0.1310208,-0.4054528,1.6559808,0.5656122434782608695652173913
2017/6/8 11:43:41,195.8689792,1.0508248975445724894041822831,195.4573312,7.7222787742637509214082628383,196.2,9.49,196,110.056,-0.1310208,-0.4054528,1.6559808,0.5632901333333333333333333333
2017/6/8 11:43:47,195.8689792,1.0508248975445724894041822831,195.4573312,2.4570887009021025659026290849,196.2,9.99,196,40.516,-0.1310208,-0.4054528,1.6559808,0.5609834524916943521594684385
2017/6/8 11:43:53,195.8689792,1.0508248975445724894041822831,195.4573312,7.7222787742637509214082628383,196.2,9.99,196,25.319,-0.1310208,-0.4054528,1.6559808,0.558692047682119205298013245
2017/6/8 11:43:58,195.8689792,1.0508248975445724894041822831,195.4573312,7.7222787742637509214082628383,196.2,5.017,196,8.342,-0.1310208,-0.4054528,1.6559808,0.5564157676567656765676567657
2017/6/8 11:44:04,195.8689792,1.0508248975445724894041822831,195.4573312,7.7222787742637509214082628383,196,2.629,195.8,19.661,0.0689792,-0.4054528,1.6559808,0.5548123578947368421052631579
2017/6/8 11:44:10,195.8689792,1.0508248975445724894041822831,195.4573312,7.7222787742637509214082628383,196.2,23.387,196,232.574,-0.1310208,-0.4054528,1.6559808,0.5525637245901639344262295082
2017/6/8 11:44:15,195.8689792,1.0508248975445724894041822831,195.464192,8.775008775008775008775008775,196.29,101.458,196,271.841,-0.1310208,-0.4054528,1.6559808,0.5503297882352941176470588235
2017/6/8 11:44:21,195.8689792,21.366772916739640617885039756,195.464192,3.51000351000351000351000351,196.3,2940.771,196.28,6.708,-0.4110208,-0.4110208,1.6559808,0.5471983530944625407166123779
2017/6/8 11:44:27,195.8689792,24.519247609373358086097586605,195.4710528,5.2648204696219858902811414131,196.3,2761.865,196,166.91,-0.1310208,-0.4110208,1.6559808,0.5449963428571428571428571429
2017/6/8 11:44:32,195.8689792,24.519247609373358086097586605,195.464192,3.51000351000351000351000351,196.31,0.1,196.3,7157.448,-0.4310208,-0.4310208,1.6559808,0.5418377113268608414239482201
2017/6/8 11:44:38,195.8689792,24.8695225752215489158989807,195.464192,3.51000351000351000351000351,196.45,28,196.3,7310.731,-0.4310208,-0.4310208,1.6559808,0.5386994580645161290322580645
2017/6/8 11:44:44,195.8689792,24.519247609373358086097586605,195.464192,3.51000351000351000351000351,196.45,17.681,196.4,20.36,-0.5310208,-0.5310208,1.6559808,0.5352598430868167202572347267
2017/6/8 11:44:49,195.8689792,24.519247609373358086097586605,195.8140928,89.34515258750569356364528223,196.53,1.358,196.5,552.044,-0.6310208,-0.6310208,1.6559808,0.5315217641025641025641025641
2017/6/8 11:44:55,195.8689792,24.519247609373358086097586605,195.8140928,83.03843593426999754738796819,196.8,56.45,196.5,511.723,-0.6310208,-0.6310208,1.6559808,0.5278075706070287539936102236
2017/6/8 11:45:01,195.8689792,21.016497950891449788083645662,195.8140928,83.03843593426999754738796819,196.67,0.1,196.5,908.514,-0.6310208,-0.6310208,1.6559808,0.5241170343949044585987261146
2017/6/8 11:45:06,195.8689792,21.016497950891449788083645662,195.5396608,17.543244096698361461001368373,196.67,0.1,196.52,7.448,-0.6510208,-0.6510208,1.6559808,0.5203864380952380952380952381
2017/6/8 11:45:12,195.8689792,21.016497950891449788083645662,195.5533824,10.174367610426972599375504333,196.8,54.85,196.7,53.99,-0.8310208,-0.8310208,1.6559808,0.5161098329113924050632911392
2017/6/8 11:45:17,195.8689792,21.016497950891449788083645662,195.5671040,10.173653744957025083318716015,196.7,60.766,196.5,918.553,-0.6310208,-0.8310208,1.6559808,0.5124911242902208201892744479
2017/6/8 11:45:23,195.8689792,21.016497950891449788083645662,195.5808256,0.3507910337811765531273020662,196.7,35.579,196.5,897.553,-0.6310208,-0.8310208,1.6559808,0.5088951748427672955974842767
2017/6/8 11:45:29,195.8621184,10.508617065994115174443043296,195.5808256,2.4555372364682358718911144631,196.7,35.579,196.5,946.753,-0.6378816,-0.8310208,1.6559808,0.505300263322884012539184953
2017/6/8 11:45:34,195.8621184,10.508617065994115174443043296,195.5808256,2.4555372364682358718911144631,196.7,35.579,196.5,936.753,-0.6378816,-0.8310208,1.6559808,0.50172782
2017/6/8 11:45:40,195.8621184,10.508617065994115174443043296,195.5808256,2.4555372364682358718911144631,196.7,35.579,196.5,936.753,-0.6378816,-0.8310208,1.6559808,0.4981776348909657320872274143
2017/6/8 11:45:46,195.8621184,10.508617065994115174443043296,195.5808256,2.4555372364682358718911144631,196.7,35.579,196.5,1970.653,-0.6378816,-0.8310208,1.6559808,0.4946495006211180124223602484
2017/6/8 11:45:51,195.8621184,10.508617065994115174443043296,195.5808256,2.4555372364682358718911144631,196.7,35.579,196.51,551,-0.6478816,-0.8310208,1.6559808,0.4911122526315789473684210526
2017/6/8 11:45:57,195.8621184,10.508617065994115174443043296,195.5808256,2.4555372364682358718911144631,196.7,25.279,196.51,551,-0.6478816,-0.8310208,1.6559808,0.4875968395061728395061728395
2017/6/8 11:46:03,195.8621184,10.508617065994115174443043296,195.5808256,2.4555372364682358718911144631,196.69,5,196.51,400,-0.6478816,-0.8310208,1.6559808,0.4841030596923076923076923077
2017/6/8 11:46:08,195.7249024,24.887829500841278743690409422,195.5808256,2.4555372364682358718911144631,196.69,5,196.52,366.997,-0.7950976,-0.8310208,1.6559808,0.480179131288343558282208589
2017/6/8 11:46:14,195.8621184,10.508617065994115174443043296,195.5808256,2.4555372364682358718911144631,196.7,51.979,196.52,366.997,-0.6578816,-0.8310208,1.6559808,0.4766988232415902140672782875
2017/6/8 11:46:20,195.8621184,10.508617065994115174443043296,195.5808256,2.4555372364682358718911144631,196.7,51.479,196.52,366.997,-0.6578816,-0.8310208,1.6559808,0.4732397365853658536585365854
2017/6/8 11:46:25,195.8621184,10.508617065994115174443043296,195.5808256,2.4555372364682358718911144631,196.7,21.479,196.52,347.491,-0.6578816,-0.8310208,1.6559808,0.4698016778115501519756838906
2017/6/8 11:46:31,195.8689792,11.559073872990297383446005114,195.5808256,2.4555372364682358718911144631,196.7,21.479,196.6,53.88,-0.7310208,-0.8310208,1.6559808,0.4661628218181818181818181818
2017/6/8 11:46:37,195.8689792,11.559073872990297383446005114,195.5465216,1.0525577152480527682267911024,196.7,21.479,196.6,9.495,-0.7310208,-0.8310208,1.6559808,0.4625459528700906344410876133
2017/6/8 11:46:42,195.8689792,11.559073872990297383446005114,195.5465216,1.0525577152480527682267911024,196.8,6,196.7,27.521,-0.8310208,-0.8310208,1.6559808,0.4586496674698795180722891566
2017/6/8 11:46:48,195.8689792,11.559073872990297383446005114,195.5465216,1.0525577152480527682267911024,196.8,6,196.7,27.521,-0.8310208,-0.8310208,1.6559808,0.4547767831831831831831831832
2017/6/8 11:46:53,195.8689792,186.6965567970857122841430523,195.5465216,1.0525577152480527682267911024,196.7,4.379,196.6,1.3,-0.7310208,-0.8310208,1.6559808,0.4512264910179640718562874251
2017/6/8 11:46:59,195.8689792,190.19930645556762058215699324,195.5465216,0.7017051434987018454845274016,196.69,106.637,196.52,332.047,-0.6510208,-0.8310208,1.6559808,0.4479362005970149253731343284
2017/6/8 11:47:05,195.8621184,10.508617065994115174443043296,195.5465216,0.7017051434987018454845274016,196.69,88.537,196.52,256.656,-0.6578816,-0.8310208,1.6559808,0.4446450761904761904761904762
2017/6/8 11:47:10,195.8621184,14.011489421325486899257391061,195.5465216,0.7017051434987018454845274016,196.52,228.89,196.51,400,-0.6478816,-0.8310208,1.6559808,0.441403157270029673590504451
2017/6/8 11:47:16,195.464192,7.02000702000702000702000702,195.3681408,2.8093833403567916842253125439,196.52,228.573,196.51,337.675,-1.045808,-1.045808,1.6559808,0.4370031242603550295857988166
2017/6/8 11:47:22,195.464192,9.477009477009477009477009477,195.3612800,1.7559262510974539069359086918,196.52,228.573,196.51,249.675,-1.045808,-1.045808,1.6559808,0.4326290501474926253687315634
2017/6/8 11:47:27,195.464192,5.265005265005265005265005265,195.2103424,9.137876498084560503286120971,196.51,52.844,196.5,219.915,-1.035808,-1.045808,1.6559808,0.4283101176470588235294117647
2017/6/8 11:47:33,195.464192,5.265005265005265005265005265,195.2103424,9.137876498084560503286120971,196.5,276.986,196.4,4.88,-0.935808,-1.045808,1.6559808,0.4243097712609970674486803519
2017/6/8 11:47:38,195.464192,2.106002106002106002106002106,195.2103424,9.137876498084560503286120971,196.4,0.44,196.31,92.694,-0.845808,-1.045808,1.6559808,0.4205959766081871345029239766
2017/6/8 11:47:44,195.464192,2.106002106002106002106002106,195.2103424,9.137876498084560503286120971,196.4,0.44,196.31,92.694,-0.845808,-1.045808,1.6559808,0.4169038367346938775510204082
2017/6/8 11:47:50,195.807232,5.6061667834618079887876664331,195.2103424,15.815555477454047024918286297,196.4,3.43,196.31,92.694,-0.502768,-1.045808,1.6559808,0.4142303720930232558139534884
2017/6/8 11:47:55,195.807232,5.6061667834618079887876664331,195.2103424,11.246617228411766773275225811,196.4,62.03,196.31,31.631,-0.502768,-1.045808,1.6559808,0.4115724057971014492753623188
2017/6/8 11:48:01,195.807232,5.6061667834618079887876664331,195.2172032,5.6231109861530891965980178534,196.4,349.665,196.32,104,-0.512768,-1.045808,1.6559808,0.4089009017341040462427745665
2017/6/8 11:48:07,195.807232,1.4015416958654519971969166083,195.2103424,10.192246863248163638280673391,196.4,329.612,196.32,50.656,-0.512768,-1.045808,1.6559808,0.4062447953890489913544668588
2017/6/8 11:48:12,195.8003712,7.3583517292126563649742457689,195.2172032,3.5144443663456807478737611584,196.4,363.422,196.32,7.353,-0.5196288,-1.045808,1.6559808,0.4035842390804597701149425287
2017/6/8 11:48:18,195.7935104,4.5553297357908753241292312005,195.2172032,3.5144443663456807478737611584,196.3,5.666,196,48.96,-0.2064896,-1.045808,1.6559808,0.4018361765042979942693409742
2017/6/8 11:48:24,195.7935104,4.5553297357908753241292312005,195.2103424,10.192246863248163638280673391,196,18.05,195.5,0.56,0.2935104,-1.045808,1.6559808,0.4015266742857142857142857143
2017/6/8 11:48:29,195.7935104,4.5553297357908753241292312005,195.2103424,10.192246863248163638280673391,196,13.536,195.11,56.955,0.6835104,-1.045808,1.6559808,0.4023300467236467236467236467
2017/6/8 11:48:35,195.7935104,8.76024949190552946947929077,195.2103424,10.192246863248163638280673391,196,2.979,195.11,47.905,0.6835104,-1.045808,1.6559808,0.4031288545454545454545454545
2017/6/8 11:48:41,195.7866496,17.521112941094018292041910502,195.2103424,10.192246863248163638280673391,196,170.41,195.12,77,0.6666496,-1.045808,1.6559808,0.4038753722379603399433427762
2017/6/8 11:48:46,195.7866496,22.777446823422223779654483653,195.2103424,10.192246863248163638280673391,196,276.23,195.2,300,0.5866496,-1.045808,1.6559808,0.4043916836158192090395480226
2017/6/8 11:48:52,195.7797888,5.2565180824222035323801513877,195.2103424,10.192246863248163638280673391,196,419.05,195.21,99.9,0.5697888,-1.045808,1.6559808,0.4048575909859154929577464789
2017/6/8 11:48:57,195.7660672,8.761477535571598794420691105,195.2103424,10.192246863248163638280673391,195.99,16,195.2,258.44,0.5660672,-1.045808,1.6559808,0.4053104269662921348314606742
2017/6/8 11:49:03,195.7523456,15.771765035749334081031823917,195.2103424,27.765086282641549221523213721,195.99,16,195.2,351.45,0.5523456,-1.045808,1.6559808,0.4057222901960784313725490196
2017/6/8 11:49:09,195.464192,3.861003861003861003861003861,195.2103424,24.250518398762872104874705655,195.99,16,195.2,351.45,0.264192,-1.045808,1.6559808,0.4053269541899441340782122905
2017/6/8 11:49:14,195.464192,3.861003861003861003861003861,195.2103424,17.57283941939338558324254033,195.99,66,195.2,363.185,0.264192,-1.045808,1.6559808,0.4049338206128133704735376045
2017/6/8 11:49:20,195.464192,3.861003861003861003861003861,195.2103424,17.57283941939338558324254033,195.99,66,195.2,362.895,0.264192,-1.045808,1.6559808,0.4045428711111111111111111111
2017/6/8 11:49:26,195.464192,1.404001404001404001404001404,195.2103424,17.57283941939338558324254033,195.98,7.433,195.2,334.647,0.264192,-1.045808,1.6559808,0.4041540875346260387811634349
2017/6/8 11:49:31,195.464192,1.404001404001404001404001404,195.2103424,17.57283941939338558324254033,195.98,7.433,195.2,336.644,0.264192,-1.045808,1.6559808,0.4037674519337016574585635359
2017/6/8 11:49:37,195.464192,1.404001404001404001404001404,195.2103424,17.57283941939338558324254033,195.5,1,195.2,325.17,0.264192,-1.045808,1.6559808,0.4033829465564738292011019284
2017/6/8 11:49:43,195.464192,1.404001404001404001404001404,195.2103424,17.57283941939338558324254033,195.5,1,195.2,365.19,0.264192,-1.045808,1.6559808,0.4030005538461538461538461538
2017/6/8 11:49:48,195.464192,3.159003159003159003159003159,195.2103424,17.57283941939338558324254033,195.5,1,195.2,357.757,0.264192,-1.045808,1.6559808,0.4026202564383561643835616438
2017/6/8 11:49:54,195.464192,3.159003159003159003159003159,195.2034816,417.54533951919021509911429776,195.5,1,195.3,153.89,0.164192,-1.045808,1.6559808,0.4019688131147540983606557377
2017/6/8 11:50:00,195.4573312,9.126329460493523816209765173,195.2034816,408.75861099395473077463798678,195.5,0.9,195.3,153.89,0.1573312,-1.045808,1.6559808,0.4013022256130790190735694823
2017/6/8 11:50:05,195.4573312,3.159114044016989013303380252,195.2034816,408.75861099395473077463798678,195.89,16.798,195.5,100,-0.0426688,-1.045808,1.6559808,0.4000957826086956521739130435
2017/6/8 11:50:11,195.4573312,3.159114044016989013303380252,195.2034816,338.46478279207085617882749895,195.89,16.698,195.5,100,-0.0426688,-1.045808,1.6559808,0.3988958785907859078590785908
2017/6/8 11:50:17,195.5190784,8.070741806442557372447189276,195.2034816,337.76184451005201743286939407,195.97,77,195.5,94.638,0.0190784,-1.045808,1.6559808,0.3978693448648648648648648649
2017/6/8 11:50:22,195.5190784,1.0527054530142466137974594708,195.2034816,337.76184451005201743286939407,195.97,76.9,195.6,560,-0.0809216,-1.045808,1.6559808,0.3965788032345013477088948787
2017/6/8 11:50:28,195.5190784,0.7018036353428310758649729806,195.2103424,3.8660246722665448283133588725,195.97,48.758,195.6,560,-0.0809216,-1.045808,1.6559808,0.3952952
2017/6/8 11:50:34,195.5190784,1.0527054530142466137974594708,195.2103424,7.3805925561452219449618669385,195.99,66,195.97,8.304,-0.4509216,-1.045808,1.6559808,0.3930265222520107238605898123
2017/6/8 11:50:39,195.6288512,0.7014098337658693974889527951,195.3681408,4.2140750105351875263379688158,196,224.795,195.97,3.601,-0.3411488,-1.045808,1.6559808,0.3910634866310160427807486631
2017/6/8 11:50:45,195.6288512,0.7014098337658693974889527951,195.3681408,0.351172917544598960528164068,196,266.496,195.99,0.1,-0.3611488,-1.045808,1.6559808,0.3890575872
2017/6/8 11:50:51,195.6288512,0.7014098337658693974889527951,195.3681408,0.351172917544598960528164068,196,719.506,195.99,0.1,-0.3611488,-1.045808,1.6559808,0.3870623574468085106382978723
2017/6/8 11:50:56,195.8140928,6.6570898006376791282716092639,195.3681408,0.351172917544598960528164068,196,714.506,195.99,0.1,-0.1759072,-1.045808,1.6559808,0.3855690694960212201591511936
2017/6/8 11:51:02,195.8140928,6.6570898006376791282716092639,195.3681408,0.351172917544598960528164068,195.98,42.4,195.6,522.711,0.2140928,-1.045808,1.6559808,0.3851154285714285714285714286
2017/6/8 11:51:08,195.8140928,6.6570898006376791282716092639,195.3681408,0.351172917544598960528164068,195.98,32.689,195.6,521.51,0.2140928,-1.045808,1.6559808,0.3846641815303430079155672823
2017/6/8 11:51:13,195.8140928,6.6570898006376791282716092639,195.3681408,0.351172917544598960528164068,195.98,72.689,195.6,521.41,0.2140928,-1.045808,1.6559808,0.3842153094736842105263157895
2017/6/8 11:51:19,195.7935104,3.5040997967622117877917163081,195.3681408,0.351172917544598960528164068,195.97,86.9,195.6,521.41,0.1935104,-1.045808,1.6559808,0.3837147716535433070866141732
2017/6/8 11:51:25,195.7935104,12.264349288667741257271007078,195.3681408,0.351172917544598960528164068,195.97,80.353,195.61,44.676,0.1835104,-1.045808,1.6559808,0.3831906764397905759162303665
2017/6/8 11:51:30,195.7935104,12.264349288667741257271007078,195.3681408,0.351172917544598960528164068,195.96,22,195.61,44.576,0.1835104,-1.045808,1.6559808,0.3826693180156657963446475196
2017/6/8 11:51:36,195.7935104,12.264349288667741257271007078,195.3681408,0.351172917544598960528164068,195.97,72.153,195.61,44.476,0.1835104,-1.045808,1.6559808,0.382150675
2017/6/8 11:51:42,195.7935104,8.76024949190552946947929077,195.3681408,0.351172917544598960528164068,195.97,84.613,195.61,44.476,0.1835104,-1.045808,1.6559808,0.3816347262337662337662337662
2017/6/8 11:51:47,195.7935104,8.76024949190552946947929077,195.3681408,0.351172917544598960528164068,195.95,199.9,195.61,39.226,0.1835104,-1.045808,1.6559808,0.3811214507772020725388601036
2017/6/8 11:51:53,195.7866496,5.2563338823282054876125731506,195.3681408,0.351172917544598960528164068,195.8,15,195.62,20,0.1666496,-1.045808,1.6559808,0.3805672599483204134366925065
2017/6/8 11:51:58,195.7866496,5.2563338823282054876125731506,195.3681408,0.351172917544598960528164068,195.94,48.731,195.6,423.4,0.1866496,-1.045808,1.6559808,0.3800674721649484536082474227
2017/6/8 11:52:04,195.7866496,5.2563338823282054876125731506,195.3681408,0.351172917544598960528164068,195.88,24.814,195.6,423.4,0.1866496,-1.045808,1.6559808,0.3795702539845758354755784062
2017/6/8 11:52:10,195.7866496,5.2563338823282054876125731506,195.3681408,0.351172917544598960528164068,195.88,12.101,195.6,423.4,0.1866496,-1.045808,1.6559808,0.3790755856410256410256410256
2017/6/8 11:52:15,195.7866496,5.2563338823282054876125731506,195.3681408,0.351172917544598960528164068,195.88,12.101,195.6,170.719,0.1866496,-1.045808,1.6559808,0.3785834475703324808184143223
2017/6/8 11:52:21,195.7797888,8.76086347070367255396691898,195.3681408,0.351172917544598960528164068,195.6,25.723,195.3,104.67,0.4797888,-1.045808,1.6559808,0.3788416244897959183673469388
2017/6/8 11:52:27,195.7043200,13.67221735319894829097283085,195.3681408,0.351172917544598960528164068,195.6,25.723,195.3,104.67,0.4043200,-1.045808,1.6559808,0.3789064549618320610687022901
2017/6/8 11:52:32,195.6974592,9.115131117655307810966203898,195.3681408,0.351172917544598960528164068,195.6,22.56,195.3,102.7,0.3974592,-1.045808,1.6559808,0.3789535431472081218274111675
2017/6/8 11:52:38,195.6974592,9.115131117655307810966203898,195.3681408,0.351172917544598960528164068,195.59,12.98,195.3,2.48,0.3974592,-1.045808,1.6559808,0.3790003929113924050632911392
2017/6/8 11:52:44,195.6905984,27.696946324019212565298180416,195.3681408,0.351172917544598960528164068,195.59,12.98,195.3,2.48,0.3905984,-1.045808,1.6559808,0.3790296808080808080808080808
2017/6/8 11:52:49,195.6837376,5.6097047892854638524647640418,195.3681408,0.351172917544598960528164068,195.3,8.192,195.2,93.01,0.4837376,-1.045808,1.6559808,0.3792934287153652392947103275
2017/6/8 11:52:55,195.6837376,5.6097047892854638524647640418,195.3681408,0.351172917544598960528164068,195.3,83.15,195.2,93.01,0.4837376,-1.045808,1.6559808,0.3795558512562814070351758794
2017/6/8 11:53:00,195.6837376,5.6097047892854638524647640418,195.3681408,0.351172917544598960528164068,195.3,49.787,195.2,93.01,0.4837376,-1.045808,1.6559808,0.3798169583959899749373433584
2017/6/8 11:53:06,195.6837376,5.2590982399551223616857162892,195.3681408,0.351172917544598960528164068,195.2,1.29,195.11,195.24,0.5737376,-1.045808,1.6559808,0.38030176
2017/6/8 11:53:12,195.6837376,5.2590982399551223616857162892,195.3681408,0.351172917544598960528164068,195.2,1.29,195.11,195.24,0.5737376,-1.045808,1.6559808,0.3807841436408977556109725686
2017/6/8 11:53:18,195.6837376,5.2590982399551223616857162892,195.3681408,0.351172917544598960528164068,195.2,1.29,195.11,194,0.5737376,-1.045808,1.6559808,0.3812641273631840796019900498
2017/6/8 11:53:23,195.6768768,5.2592826338487430314505101504,195.3681408,0.351172917544598960528164068,195.3,49.787,195.2,3.83,0.4768768,-1.045808,1.6559808,0.3815013796526054590570719603
2017/6/8 11:53:29,195.670016,5.9607293127629733520336605891,195.3681408,0.351172917544598960528164068,195.3,51.687,195.12,463.78,0.550016,-1.045808,1.6559808,0.381918495049504950495049505
2017/6/8 11:53:35,195.670016,11.220196353436185133239831697,195.3681408,0.351172917544598960528164068,195.3,50.587,195.12,436.93,0.550016,-1.045808,1.6559808,0.3823335506172839506172839506
2017/6/8 11:53:40,195.670016,5.259467040673211781206171108,195.3681408,0.351172917544598960528164068,195.3,50.487,195.13,20.007,0.540016,-1.045808,1.6559808,0.3827219310344827586206896552
2017/6/8 11:53:46,195.670016,5.259467040673211781206171108,195.3681408,0.351172917544598960528164068,195.3,48.407,195.13,20.007,0.540016,-1.045808,1.6559808,0.3831084029484029484029484029
2017/6/8 11:53:52,195.6562944,5.6104916193281436285854548005,195.3681408,0.351172917544598960528164068,195.3,37.567,195.13,19.007,0.5262944,-1.045808,1.6559808,0.383459349019607843137254902
2017/6/8 11:53:57,195.6494336,5.9613563839113511238910123786,195.3681408,0.351172917544598960528164068,195.3,37.567,195.2,350,0.4494336,-1.045808,1.6559808,0.3836206552567237163814180929
2017/6/8 11:54:03,195.6425728,7.3642867162294852012905035769,195.3681408,0.351172917544598960528164068,195.3,47.567,195.2,350,0.4425728,-1.045808,1.6559808,0.3837644409756097560975609756
2017/6/8 11:54:09,195.6357120,18.586708749780817113799754515,195.3681408,0.351172917544598960528164068,195.3,47.567,195.2,350,0.4357120,-1.045808,1.6559808,0.3838908340632603406326034063
2017/6/8 11:54:14,195.6288512,7.3648032545416286736340043487,195.3681408,0.351172917544598960528164068,195.3,47.567,195.2,350,0.4288512,-1.045808,1.6559808,0.3839999611650485436893203883
2017/6/8 11:54:20,195.5259392,17.193585739850521070914768939,195.3681408,0.351172917544598960528164068,195.3,47.567,195.2,350,0.3259392,-1.045808,1.6559808,0.3838593782082324455205811138
2017/6/8 11:54:25,195.5259392,16.842696234955612477630794063,195.3681408,0.351172917544598960528164068,195.3,47.567,195.2,336.45,0.3259392,-1.045808,1.6559808,0.3837194743961352657004830918
2017/6/8 11:54:31,195.5122176,10.527423939362038109274660491,195.3681408,0.351172917544598960528164068,195.3,47.567,195.2,336.45,0.3122176,-1.045808,1.6559808,0.383547180722891566265060241
2017/6/8 11:54:37,195.5122176,3.5091413131206793697582201635,195.3681408,0.351172917544598960528164068,195.3,47.567,195.2,326.75,0.3122176,-1.045808,1.6559808,0.3833757153846153846153846154
2017/6/8 11:54:42,195.5122176,3.5091413131206793697582201635,195.3681408,0.351172917544598960528164068,195.3,47.567,195.2,326.75,0.3122176,-1.045808,1.6559808,0.3832050724220623501199040767
2017/6/8 11:54:48,195.5122176,3.5091413131206793697582201635,195.3681408,0.351172917544598960528164068,195.3,47.567,195.21,2.462,0.3022176,-1.045808,1.6559808,0.3830113224880382775119617225
2017/6/8 11:54:54,195.5122176,3.5091413131206793697582201635,195.3681408,0.351172917544598960528164068,195.5,34.894,195.4,3.593,0.1122176,-1.045808,1.6559808,0.3823650367541766109785202864
2017/6/8 11:54:59,195.5122176,3.5091413131206793697582201635,195.3681408,0.351172917544598960528164068,195.5,34.894,195.3,5,0.2122176,-1.045808,1.6559808,0.3819599238095238095238095238
2017/6/8 11:55:05,195.5122176,3.5091413131206793697582201635,195.3681408,0.351172917544598960528164068,195.58,6,195.5,7065.49,0.0122176,-1.045808,1.6559808,0.381081676009501187648456057
2017/6/8 11:55:11,195.5122176,3.5091413131206793697582201635,195.3681408,0.351172917544598960528164068,195.58,6,195.5,6966.854,0.0122176,-1.045808,1.6559808,0.3802075905213270142180094787
2017/6/8 11:55:16,195.5122176,3.5091413131206793697582201635,195.3681408,0.351172917544598960528164068,195.58,4.2,195.55,10,-0.0377824,-1.045808,1.6559808,0.3792194345153664302600472813
2017/6/8 11:55:22,195.6905984,4.2071310871927917820706096834,195.052544,11.25571579317622230038691523,195.58,4.2,195.55,10,0.1405984,-1.045808,1.6559808,0.3786566490566037735849056604
2017/6/8 11:55:28,195.5533824,20.348735220853945198751008666,195.0045184,162.1925905076874362312211941,195.58,4.1,195.55,4.89,0.0033824,-1.045808,1.6559808,0.3777736508235294117647058824
2017/6/8 11:55:33,195.5533824,20.348735220853945198751008666,195.0113792,27.793414016324233042499296369,195.86,54.941,195.6,36.969,-0.0466176,-1.045808,1.6559808,0.3767774272300469483568075117
2017/6/8 11:55:39,195.5533824,20.348735220853945198751008666,195.0182400,7.7396657871591908531222515391,195.86,54.841,195.6,36.969,-0.0466176,-1.045808,1.6559808,0.3757858697892271662763466042
2017/6/8 11:55:45,195.5533824,20.69957548328246149528119847,195.0182400,2.8144239226033421284080914688,195.86,54.641,195.6,36.969,-0.0466176,-1.045808,1.6559808,0.3747989457943925233644859813
2017/6/8 11:55:50,195.5465216,0.3508525717493509227422637008,195.0113792,4.9254151421334083872783563186,195.88,4.301,195.6,34.039,-0.0534784,-1.045808,1.6559808,0.3738006303030303030303030303
2017/6/8 11:55:56,195.4367488,26.679772519834304570666292214,195.0113792,4.9254151421334083872783563186,195.8,21.91,195.6,34.039,-0.1632512,-1.045808,1.6559808,0.3725516725581395348837209302
2017/6/8 11:56:02,195.4367488,0.3510496384188724285613985818,195.0113792,4.9254151421334083872783563186,195.8,21.91,195.6,32.039,-0.1632512,-1.045808,1.6559808,0.3713085104408352668213457077
2017/6/8 11:56:07,195.4367488,0.3510496384188724285613985818,195.0113792,4.9254151421334083872783563186,195.88,64.301,195.6,32.039,-0.1632512,-1.045808,1.6559808,0.3700711037037037037037037037
2017/6/8 11:56:13,195.4367488,10.882538790985045285403356035,195.0113792,4.9254151421334083872783563186,195.88,64.301,195.6,10.129,-0.1632512,-1.045808,1.6559808,0.3688394124711316397228637413
2017/6/8 11:56:19,195.2789504,16.863998875733408284439447704,195.0113792,4.9254151421334083872783563186,195.88,0.301,195.6,8.129,-0.3210496,-1.045808,1.6559808,0.3672498064516129032258064516
2017/6/8 11:56:24,195.2858112,124.01630129286115795390668915,195.0113792,4.9254151421334083872783563186,195.88,0.301,195.6,6.129,-0.3141888,-1.045808,1.6559808,0.3656832809195402298850574713
2017/6/8 11:56:30,195.2789504,26.701331553244563117029125531,195.0113792,4.9254151421334083872783563186,195.89,9.806,195.61,52,-0.3310496,-1.045808,1.6559808,0.3640852697247706422018348624
2017/6/8 11:56:36,195.2789504,26.701331553244563117029125531,195.0113792,4.9254151421334083872783563186,195.89,9.806,195.61,52,-0.3310496,-1.045808,1.6559808,0.362494572082379862700228833
2017/6/8 11:56:41,195.2789504,25.64733162351122509925166005,195.0113792,4.9254151421334083872783563186,195.89,9.806,195.61,50,-0.3310496,-1.045808,1.6559808,0.36091113789954337899543379
2017/6/8 11:56:47,195.2789504,26.701331553244563117029125531,195.0113792,4.9254151421334083872783563186,195.89,4.706,195.61,50,-0.3310496,-1.045808,1.6559808,0.3593349175398633257403189066
2017/6/8 11:56:53,195.4367488,0.7020992768377448571227971635,195.0113792,4.9254151421334083872783563186,196,1226.406,195.9,11.304,-0.4632512,-1.045808,1.6559808,0.3574654036363636363636363636
2017/6/8 11:56:58,195.4436096,27.731947906062414434654403763,195.2926720,175.65431231336729316704725101,196,0.006,195.9,1.204,-0.4563904,-1.045808,1.6559808,0.3556199256235827664399092971
2017/6/8 11:57:04,195.4436096,28.082985221329027275599396216,195.2926720,175.65431231336729316704725101,196,50.006,195.9,1.204,-0.4563904,-1.045808,1.6559808,0.3537827981900452488687782805
2017/6/8 11:57:10,195.4436096,27.731947906062414434654403763,195.2926720,175.65431231336729316704725101,196,113.346,195.9,9.204,-0.4563904,-1.045808,1.6559808,0.3519539647855530474040632054
2017/6/8 11:57:15,195.4436096,27.731947906062414434654403763,195.2926720,175.65431231336729316704725101,195.9,20.796,195.6,4.3,-0.1563904,-1.045808,1.6559808,0.350809045045045045045045045
2017/6/8 11:57:21,195.4436096,27.731947906062414434654403763,195.2926720,175.65431231336729316704725101,195.9,65.366,195.6,4.3,-0.1563904,-1.045808,1.6559808,0.3496692710112359550561797753
2017/6/8 11:57:27,195.4436096,27.731947906062414434654403763,195.2995328,18.969999297407433429354317431,195.9,65.366,195.63,31.278,-0.1863904,-1.045808,1.6559808,0.348467343497757847533632287
2017/6/8 11:57:33,195.4436096,27.731947906062414434654403763,195.2926720,165.11505357456525557702441595,195.9,48.516,195.63,31.278,-0.1863904,-1.045808,1.6559808,0.3472707937360178970917225951
2017/6/8 11:57:38,195.7317632,0.3505205229766202811174594272,195.5876864,0.3507787287778869089378420093,195.9,48.516,195.63,31.278,0.1017632,-1.045808,1.6559808,0.3467227857142857142857142857
2017/6/8 11:57:44,195.738624,3.8555906063792499123729407641,195.2995328,71.313145506920536780720859973,195.9,48.516,195.68,18.898,0.058624,-1.045808,1.6559808,0.3460811403118040089086859688
2017/6/8 11:57:50,195.738624,3.8555906063792499123729407641,195.3063936,18.969332911792601960164400885,195.9,48.516,195.68,18.898,0.058624,-1.045808,1.6559808,0.3454423466666666666666666667
2017/6/8 11:57:55,195.8003712,106.87129892427905672938785522,195.738624,0.350508236943568173852085524,195.9,31.466,195.6,44.3,0.2003712,-1.045808,1.6559808,0.3451206811529933481152993348
2017/6/8 11:58:01,195.8003712,97.06016328532884824275552752,195.738624,1.051524710830704521556256572,195.9,31.466,195.6,34.91,0.2003712,-1.045808,1.6559808,0.3448004389380530973451327434
2017/6/8 11:58:07,195.8003712,94.95777707698237499562002873,195.395584,5.6179775280898876404494382022,195.9,31.466,195.6,34.91,0.2003712,-1.045808,1.6559808,0.3444816105960264900662251656
2017/6/8 11:58:12,195.8552576,1.7514975303884821522401653414,195.395584,7.0224719101123595505617977528,195.9,31.466,195.6,34.91,0.2552576,-1.045808,1.6559808,0.3442850819383259911894273128
2017/6/8 11:58:18,195.9993344,6.300756090730887706524782974,195.9924736,14.002170336402142332061469528,195.9,31.466,195.6,34.91,0.3993344,-1.045808,1.6559808,0.3444060694505494505494505495
2017/6/8 11:58:24,196.1091072,3.4984606773019871256647075287,195.9993344,0.3500420050406048725847101652,195.9,31.466,195.6,34.91,0.5091072,-1.045808,1.6559808,0.3447672561403508771929824561
2017/6/8 11:58:29,196.1091072,3.4984606773019871256647075287,195.9924736,1.0501627752301606749046102146,195.9,30.466,195.6,34.91,0.5091072,-1.045808,1.6559808,0.3451268621444201312910284464
2017/6/8 11:58:35,196.1159680,17.491691446562882630750393563,195.8621184,5.9548830040633319321843912008,195.9,30.466,195.6,34.91,0.5159680,-1.045808,1.6559808,0.3454998777292576419213973799
2017/6/8 11:58:41,196.1159680,13.293685499387790799370299108,195.5533824,0.3508402624285162965301898046,195.9,113.806,195.6,34.91,0.5159680,-1.045808,1.6559808,0.3458712679738562091503267974
2017/6/8 11:58:46,196.1091072,3.4984606773019871256647075287,195.6562944,0.350655726208008976786590925,195.6,57.169,195.51,122.318,0.5991072,-1.045808,1.6559808,0.3464217808695652173913043478
2017/6/8 11:58:52,196.1159680,17.491691446562882630750393563,195.6562944,3.8572129882880987446525001753,195.6,57.169,195.51,122.318,0.6059680,-1.045808,1.6559808,0.3469847878524945770065075922
2017/6/8 11:58:58,196.1091072,3.4984606773019871256647075287,195.6562944,4.5585244407041166982256820254,195.6,57.169,195.51,122.318,0.5991072,-1.045808,1.6559808,0.3475305073593073593073593074
2017/6/8 11:59:03,196.1091072,3.4984606773019871256647075287,195.6562944,4.5585244407041166982256820254,195.6,57.169,195.51,122.318,0.5991072,-1.045808,1.6559808,0.3480738695464362850971922246
2017/6/8 11:59:09,196.1091072,3.4984606773019871256647075287,195.6562944,4.2078687144961077214390911004,195.9,677.516,195.51,65.149,0.5991072,-1.045808,1.6559808,0.3486148896551724137931034483
2017/6/8 11:59:15,196.1091072,3.4984606773019871256647075287,195.6562944,4.2078687144961077214390911004,195.9,677.516,195.51,65.149,0.5991072,-1.045808,1.6559808,0.3491535827956989247311827957
2017/6/8 11:59:20,195.875840,3.1523642732049036777583187391,195.6562944,0.350655726208008976786590925,195.9,677.516,195.51,65.149,0.365840,-1.045808,1.6559808,0.3491893905579399141630901288
2017/6/8 11:59:26,196.1159680,10.844848696868987231065244009,195.875840,21.366024518388791593695271454,195.9,677.516,195.51,65.149,0.6059680,-1.045808,1.6559808,0.3497392376873661670235546039
2017/6/8 11:59:32,196.1914368,1.0490977759127150650440621066,196.1845760,0.3497114880223815352334324183,195.8,172.319,195.51,65.149,0.6814368,-1.045808,1.6559808,0.3504479931623931623931623932
2017/6/8 11:59:37,196.1914368,1.0490977759127150650440621066,196.1777152,2.7977897461005805413723158705,195.8,162.798,195.55,41.64,0.6414368,-1.045808,1.6559808,0.3510684383795309168443496802
2017/6/8 11:59:43,196.1777152,3.4972371826257256767153948381,195.7111808,3.8561312486854098015845193858,195.8,143.756,195.55,21.64,0.6277152,-1.045808,1.6559808,0.3516570485106382978723404255
2017/6/8 11:59:49,196.1777152,3.4972371826257256767153948381,195.6974592,1.752909830318328425185808442,195.8,209.915,195.55,21.64,0.6277152,-1.045808,1.6559808,0.3522431592356687898089171975
2017/6/8 11:59:54,196.1777152,3.4972371826257256767153948381,195.7043200,175.28483786152497808939526731,195.8,113.873,195.55,21.64,0.6277152,-1.045808,1.6559808,0.3528267864406779661016949153
2017/6/8 12:00:00,196.1777152,2.7977897461005805413723158705,195.7111808,5.2583607936619224567061627989,195.8,113.873,195.5,48.39,0.6777152,-1.045808,1.6559808,0.3535136541226215644820295983
2017/6/8 12:00:06,196.1777152,2.7977897461005805413723158705,195.7111808,5.2583607936619224567061627989,195.8,113.873,195.5,48.29,0.6777152,-1.045808,1.6559808,0.3541976236286919831223628692
2017/6/8 12:00:11,196.1982976,14.33716823443018498443892716,196.1914368,0.3496992586375716883480207022,195.8,113.873,195.5,29.41,0.6982976,-1.045808,1.6559808,0.3549220446315789473684210526
2017/6/8 12:00:17,196.1982976,1.7484351505402664615169423366,196.1914368,0.3496992586375716883480207022,195.8,113.873,195.5,29.41,0.6982976,-1.045808,1.6559808,0.3556434218487394957983193277
2017/6/8 12:00:23,196.2120192,23.077729990559110458407636631,196.1914368,0.3496992586375716883480207022,195.79,43.663,195.5,29.41,0.7120192,-1.045808,1.6559808,0.3563905408805031446540880503
2017/6/8 12:00:28,196.4384256,5.5881531153953618329142218497,196.1914368,0.3496992586375716883480207022,195.79,43.663,195.5,29.41,0.9384256,-1.045808,1.6559808,0.357608187447698744769874477
2017/6/8 12:00:34,196.424704,5.5885434858539993014320642683,196.1914368,0.3496992586375716883480207022,195.79,43.663,195.5,29.41,0.924704,-1.045808,1.6559808,0.3587921035490605427974947808
2017/6/8 12:00:40,196.424704,9.081383164512748864827104436,196.1914368,0.3496992586375716883480207022,195.79,33.563,195.49,1.364,0.934704,-1.045808,1.6559808,0.35999192
2017/6/8 12:00:45,196.424704,9.081383164512748864827104436,196.1914368,0.3496992586375716883480207022,195.79,33.563,195.3,4.567,1.124704,-1.045808,1.6559808,0.361581758004158004158004158
2017/6/8 12:00:51,196.424704,9.081383164512748864827104436,196.1914368,0.3496992586375716883480207022,195.79,33.563,195.3,4.567,1.124704,-1.045808,1.6559808,0.3631649991701244813278008299
2017/6/8 12:00:57,196.4041216,42.267789150103049568589094212,196.1914368,0.6993985172751433766960414044,195.79,33.563,195.3,19.567,1.1041216,-1.045808,1.6559808,0.364699070807453416149068323
2017/6/8 12:01:02,196.3355136,19.918230422476150539888877241,195.8621184,1.4011489421325486899257391061,195.3,23.423,195.11,194,1.2255136,-1.045808,1.6559808,0.366477613223140495867768595
2017/6/8 12:01:08,196.3012096,14.329651894310079686844680554,195.8621184,1.4011489421325486899257391061,195.79,10.45,195.11,194,1.1912096,-1.045808,1.6559808,0.3681780915463917525773195876
2017/6/8 12:01:14,196.287488,15.379238028661307235232436211,195.8621184,1.4011489421325486899257391061,195.78,73.113,195.3,10.227,0.987488,-1.045808,1.6559808,0.3694523917695473251028806584
2017/6/8 12:01:19,196.2600448,5.5932321890512479899321820597,195.8621184,1.4011489421325486899257391061,195.3,63.359,195.11,194,1.1500448,-1.045808,1.6559808,0.3710552509240246406570841889
2017/6/8 12:01:25,196.2463232,5.9432247238148510697804502867,195.6219904,0.3507172167081682039771332375,195.78,43.462,195.11,194,1.1363232,-1.045808,1.6559808,0.372623422950819672131147541
2017/6/8 12:01:31,196.21888,5.5944055944055944055944055944,195.6151296,3.507295173961840628507295174,195.78,43.462,195.11,194,1.10888,-1.045808,1.6559808,0.3741290601226993865030674847
2017/6/8 12:01:36,196.1845760,38.817975170484350410910998426,195.6151296,3.8580246913580246913580246914,195.78,43.462,195.11,194,1.0745760,-1.045808,1.6559808,0.3755585436734693877551020408
2017/6/8 12:01:48,196.1434112,110.53202280597432578963937179,195.6151296,3.8580246913580246913580246914,195.79,10.45,195.11,194,1.0334112,-1.045808,1.6559808,0.3768983657841140529531568228
2017/6/8 12:01:54,196.1365504,3.4979711767175038477682943893,195.7660672,8.060559332725870890867035817,195.9,38.316,195.8,21.52,0.3365504,-1.045808,1.6559808,0.3768163577235772357723577236
2017/6/8 12:01:59,196.1434112,104.93546468921613207877155549,195.7729280,5.6071491151217802698440511652,195.9,16.807,195.11,194,1.0334112,-1.045808,1.6559808,0.3781481931034482758620689655
2017/6/8 12:02:05,196.1434112,104.93546468921613207877155549,195.7797888,5.2565180824222035323801513877,196,137.89,195.11,194,1.0334112,-1.045808,1.6559808,0.3794746364372469635627530364
2017/6/8 12:02:11,196.1434112,104.93546468921613207877155549,195.7866496,5.6067561411500858534534113607,196,137.79,195.16,42.246,0.9834112,-1.045808,1.6559808,0.3806947103030303030303030303
2017/6/8 12:02:16,196.1434112,65.059988107314001888838364406,195.7866496,0.35042225882188036584083821,196,84.43,195.79,2.298,0.3534112,-1.045808,1.6559808,0.3806397032258064516129032258
2017/6/8 12:02:22,196.3766784,2.4455857177794081682562973832,196.2120192,13.636840448966747089059058009,196,84.33,195.79,0.558,0.5866784,-1.045808,1.6559808,0.3810542680080482897384305835
2017/6/8 12:02:27,196.4384256,9.080748812517462978485610506,196.150272,4.1972717733473242392444910808,196,84.33,195.79,0.458,0.6484256,-1.045808,1.6559808,0.3815911582329317269076305221
2017/6/8 12:02:33,196.4384256,7.3344509639564124056999161777,196.150272,4.1972717733473242392444910808,195.99,77,195.79,0.358,0.6484256,-1.045808,1.6559808,0.382125896593186372745490982
2017/6/8 12:02:39,196.4384256,5.5881531153953618329142218497,196.4315648,0.6985435367259264433655827599,195.99,76.8,195.79,0.258,0.6484256,-1.045808,1.6559808,0.382658496
2017/6/8 12:02:44,196.4384256,3.492595697122101145571388656,196.150272,0.6995452955578873732074151801,195.7,15.092,195.2,50,1.2384256,-1.045808,1.6559808,0.3843666139720558882235528942
2017/6/8 12:02:50,196.4384256,9.080748812517462978485610506,196.150272,0.6995452955578873732074151801,195.98,18.876,195.7,4.088,0.7384256,-1.045808,1.6559808,0.3850719107569721115537848606
2017/6/8 12:02:56,196.4384256,5.5881531153953618329142218497,196.150272,4.5470444211262679258481986709,195.98,18.876,195.7,44.088,0.7384256,-1.045808,1.6559808,0.3857744031809145129224652087
2017/6/8 12:03:01,196.3698176,5.5901055132415624344909510167,196.150272,4.5470444211262679258481986709,195.98,18.876,195.7,44.088,0.6698176,-1.045808,1.6559808,0.386337980952380952380952381
2017/6/8 12:03:07,196.3698176,5.5901055132415624344909510167,196.150272,4.1972717733473242392444910808,195.99,5.366,195.7,44.088,0.6698176,-1.045808,1.6559808,0.3868993267326732673267326733
2017/6/8 12:03:13,196.3698176,5.5901055132415624344909510167,196.150272,4.1972717733473242392444910808,196,110.856,195.7,44.088,0.6698176,-1.045808,1.6559808,0.3874584537549407114624505929
2017/6/8 12:03:18,196.3698176,5.5901055132415624344909510167,196.150272,4.1972717733473242392444910808,196.21,50,195.7,44.088,0.6698176,-1.045808,1.6559808,0.3880153751479289940828402367
2017/6/8 12:03:24,196.3698176,5.5901055132415624344909510167,196.1639936,12.94068270844991606043648573,196.21,50,195.7,44.088,0.6698176,-1.045808,1.6559808,0.3885701039370078740157480315
2017/6/8 12:03:30,196.3355136,37.040919733025823811021420834,195.9307264,38.167938931297709923664122137,196.21,50,196,37.8,0.3355136,-1.045808,1.6559808,0.3884658671905697445972495088
2017/6/8 12:03:35,196.3629568,5.5903008280633101568778169875,196.1708544,18.885741265344664778092540132,196.3,8.666,196.21,105.919,0.1529568,-1.045808,1.6559808,0.3880040847058823529411764706
2017/6/8 12:03:41,196.3629568,12.22878306138849096817022466,196.1708544,18.885741265344664778092540132,196.3,8.666,196.21,105.919,0.1529568,-1.045808,1.6559808,0.3875441095890410958904109589
2017/6/8 12:03:47,196.3629568,12.22878306138849096817022466,196.1708544,18.5360053159864302451649005,196.3,7.586,196.21,105.919,0.1529568,-1.045808,1.6559808,0.38708593125
2017/6/8 12:03:53,196.3629568,1.0481814052618706544145906852,196.1708544,18.5360053159864302451649005,196.3,7.586,196.21,105.919,0.1529568,-1.045808,1.6559808,0.3866295391812865497076023392
2017/6/8 12:03:58,196.5138944,4.5386307300212966518870230074,196.3835392,1.048071548351034097261039687,196.4,6.007,196.3,29.47,0.2138944,-1.045808,1.6559808,0.3862934785992217898832684825
2017/6/8 12:04:04,196.5138944,2.4438780853960828125545508501,196.3835392,1.048071548351034097261039687,196.4,6.007,196.21,83.37,0.3038944,-1.045808,1.6559808,0.3861334803883495145631067961
2017/6/8 12:04:10,196.5138944,2.0947526446252138393324721572,196.3835392,1.048071548351034097261039687,196.3,27.82,196.21,83.37,0.3038944,-1.045808,1.6559808,0.3859741023255813953488372093
2017/6/8 12:04:15,196.6785536,0.697666306205741793700073255,196.3835392,1.048071548351034097261039687,196.3,26.46,196.21,83.37,0.4685536,-1.045808,1.6559808,0.3861338305609284332688588008
2017/6/8 12:04:21,196.8569344,5.5762729585613215766911790332,196.5138944,1.7456272038543448661103934644,196.3,26.46,196.21,83.37,0.6469344,-1.045808,1.6559808,0.3866373065637065637065637066
2017/6/8 12:04:27,196.836352,110.14290693621470895782502614,196.5138944,1.7456272038543448661103934644,196.4,34.787,196.3,1042.4,0.536352,-1.045808,1.6559808,0.3869257741811175337186897881
2017/6/8 12:04:32,196.8294912,3.4856565234061835546725225696,196.5138944,1.7456272038543448661103934644,196.4,34.787,196.3,1042.4,0.5294912,-1.045808,1.6559808,0.3871999384615384615384615385
2017/6/8 12:04:38,196.8294912,3.4856565234061835546725225696,196.5138944,6.6333833746465104912194951646,196.4,34.787,196.3,1042.4,0.5294912,-1.045808,1.6559808,0.3874730502879078694817658349
2017/6/8 12:04:44,196.836352,79.121645172533983966538863716,196.5138944,6.6333833746465104912194951646,196.4,34.577,196.3,1042.4,0.536352,-1.045808,1.6559808,0.3877582590038314176245210728
2017/6/8 12:04:49,196.836352,79.121645172533983966538863716,196.5138944,6.9825088154173794644415738575,196.4,33.777,196.3,1039.41,0.536352,-1.045808,1.6559808,0.3880423770554493307839388145
2017/6/8 12:04:55,196.836352,80.51585918438480306727082607,196.5207552,5.2366987850858818600754084625,196.4,31.877,196.3,1046.569,0.536352,-1.045808,1.6559808,0.3883254106870229007633587786
2017/6/8 12:05:01,196.836352,80.51585918438480306727082607,196.5207552,5.2366987850858818600754084625,196.4,31.877,196.3,1046.569,0.536352,-1.045808,1.6559808,0.3886073660952380952380952381
2017/6/8 12:05:06,196.836352,80.51585918438480306727082607,196.5207552,5.2366987850858818600754084625,196.4,61.817,196.3,1046.569,0.536352,-1.045808,1.6559808,0.3888882494296577946768060837
2017/6/8 12:05:12,196.836352,80.51585918438480306727082607,196.5207552,5.2366987850858818600754084625,196.4,61.817,196.3,1046.569,0.536352,-1.045808,1.6559808,0.3891680667931688804554079696
2017/6/8 12:05:18,196.836352,50.888811432554897176716626002,196.5207552,5.2366987850858818600754084625,196.4,51.817,196.3,1046.569,0.536352,-1.045808,1.6559808,0.3894468242424242424242424242
2017/6/8 12:05:23,196.8980992,5.5751071465904735356632635283,196.8500736,1.0455876202425763278962777081,196.5,49.92,196.4,24.523,0.4980992,-1.045808,1.6559808,0.3896522162570888468809073724
2017/6/8 12:05:29,196.8980992,5.5751071465904735356632635283,196.5344768,22.690777071842491098233610277,196.4,75.477,196.3,11.61,0.5980992,-1.045808,1.6559808,0.390045512452830188679245283
2017/6/8 12:05:35,196.8980992,5.5751071465904735356632635283,196.5344768,11.519932974935418557564755987,196.4,75.477,196.3,11.61,0.5980992,-1.045808,1.6559808,0.390437327306967984934086629
